
@patent{LiChunQuan.LiXueBin.ea_2022,
	title = {{一种基于Fluent的批量自动化仿真方法}},
	url = {https://patents.google.com/patent/CN114968537A/zh?q=%E4%B8%80%E7%A7%8D%E5%9F%BA%E4%BA%8E+Fluent+%E7%9A%84%E6%89%B9%E9%87%8F%E8%87%AA%E5%8A%A8%E5%8C%96%E4%BB%BF%E7%9C%9F%E6%96%B9%E6%B3%95&oq=%E4%B8%80%E7%A7%8D%E5%9F%BA%E4%BA%8EFluent%E7%9A%84%E6%89%B9%E9%87%8F%E8%87%AA%E5%8A%A8%E5%8C%96%E4%BB%BF%E7%9C%9F%E6%96%B9%E6%B3%95},
	nationality = {中国},
	language = {zh-CN},
	assignee = {Guilin University of Electronic Technology},
	number = {CN114968537A},
	urldate = {2022-11-02},
	author = {李春泉 and 李雪斌 and 阎德劲 and 黄红艳 and 文磊 and {王侨} and {彭中擎} and {梁锟} and {王汞}},
	month = aug,
	year = {2022},
	annote = {Classifications
Y02P90/02: Total factory control, e.g. smart factories, flexible manufacturing systems [FMS] or integrated manufacturing systems [IMS]},
	file = {一种基于Fluent的批量自动化仿真方法_李春泉_et_al_2022.pdf:D\:\\文献数据库\\storage\\一种基于Fluent的批量自动化仿真方法\\一种基于Fluent的批量自动化仿真方法_李春泉_et_al_22.pdf:application/pdf},
}

@article{LiChunQuan.LiXueBin.ea_2021a,
	title = {磁性纳米流体微通道散热分析},
	copyright = {0.097},
	issn = {1674-957X},
	url = {https://kns.cnki.net/kcms/detail/detail.aspx?dbcode=CJFD&dbname=CJFDLAST2021&filename=NRPJ202123021&uniplatform=NZKPT&v=grozYDRmRv2TpL1K_K3l9PRWATyfZf9EhjOEneIBUYpo354SBZ5ibgx1ej95XaC7},
	doi = {10.19475/j.cnki.issn1674-957x.2021.23.021},
	abstract = {为研究磁性纳米流体在微通道散热器中的散热能力,利用Space Claim和Fluent Meshing建立微通道散热器的三维几何模型与网格模型,再将其导入Fluent中,以水基四氧化三铁磁性纳米流体冷却液为研究对象,仿真不同体积分数磁性纳米流体以不同流速在微通道散热器中传热情况,得到芯片温度分布,并结合数值计算获得磁性纳米流体散热性能及其变化趋势,研究磁性纳米颗粒体积分数与流速对基液散热能力的影响规律。},
	language = {zh-CN},
	number = {23},
	urldate = {2022-11-02},
	journal = {内燃机与配件},
	author = {李春泉 and 李雪斌 and 林奈 and 黄红艳},
	year = {2021},
	pages = {45--47},
	file = {磁性纳米流体微通道散热分析_李春泉 et al_2021.pdf:D\:\\文献数据库\\storage\\磁性纳米流体微通道散热分析\\磁性纳米流体微通道散热分析_李春泉 et al_2021.pdf:application/pdf},
}

@patent{LiChunQuan.LiXueBin.ea_2022a,
	title = {基于有限元仿真的磁性纳米流体微流道散热器多目标优化方法},
	url = {https://patents.google.com/patent/CN115048903A/zh?inventor=%E6%9D%8E%E6%98%A5%E6%B3%89,%E6%9D%8E%E9%9B%AA%E6%96%8C&assignee=%E6%A1%82%E6%9E%97%E7%94%B5%E5%AD%90%E7%A7%91%E6%8A%80%E5%A4%A7%E5%AD%A6},
	nationality = {中国},
	language = {zh-CN},
	assignee = {Guilin University of Electronic Technology},
	number = {CN115048903A},
	urldate = {2022-11-02},
	author = {李春泉 and 李雪斌 and 林奈 and 赖复尧 and 黄红艳 and {刘正伟} and {黄思源} and {杨昊} and {王玉斌} and {张皓}},
	month = sep,
	year = {2022},
	file = {基于有限元仿真的磁性纳米流体微流道散热器多目标优化方法_李春泉_et_al_2022.pdf:D\:\\文献数据库\\storage\\基于有限元仿真的磁性纳米流体微流道散热器多目标优化方法\\基于有限元仿真的磁性纳米流体微流道散热器多目标优化方法_李春泉_et_al_2022.pdf:application/pdf},
}

@patent{LiChunQuan.LiXueBin.ea_2021,
	title = {一种基于有限元仿真的再流焊工艺曲线优化方法},
	url = {https://patents.google.com/patent/CN113139323A/zh?inventor=%E6%9D%8E%E6%98%A5%E6%B3%89,%E6%9D%8E%E9%9B%AA%E6%96%8C&assignee=%E6%A1%82%E6%9E%97%E7%94%B5%E5%AD%90%E7%A7%91%E6%8A%80%E5%A4%A7%E5%AD%A6},
	nationality = {中国},
	language = {zh-CN},
	assignee = {Guilin University of Electronic Technology},
	number = {CN113139323A},
	urldate = {2022-11-02},
	author = {李春泉 and 李雪斌 and 吴军 and 刘超 and 阎德劲 and {郑大安} and {黄红艳} and {张皓} and {刘正伟} and {杨昊} and {王玉斌} and {姜辉}},
	month = jul,
	year = {2021},
	annote = {Classifications
G06F30/23: Design optimisation, verification or simulation using finite element methods [FEM] or finite difference methods [FDM]
G06F30/28: Design optimisation, verification or simulation using fluid dynamics, e.g. using Navier-Stokes equations or computational fluid dynamics [CFD]
G06F2111/10: Numerical modelling
G06F2113/08: Fluids
G06F2119/08: Thermal analysis or thermal optimisation},
	file = {一种基于有限元仿真的再流焊工艺曲线优化方法_李春泉_et_al_2021.pdf:D\:\\文献数据库\\storage\\一种基于有限元仿真的再流焊工艺曲线优化方法\\一种基于有限元仿真的再流焊工艺曲线优化方法_李春泉_et_al_2021.pdf:application/pdf},
}

@patent{LiChunQuan.LiXueBin.ea_2022b,
	title = {一种异质嵌入式针鳍微流道散热器},
	nationality = {中国},
	language = {zh-CN},
	assignee = {Guilin University of Electronic Technology},
	number = {CN115346939A},
	author = {李春泉 and 李雪斌 and 阎德劲 and 黄红艳 and 林奈 and 王侨 and 王玉斌 and 张皓 and 成鹏琳},
	month = nov,
	year = {2022},
	file = {一种异质嵌入式针鳍微流道散热器_李春泉_et_al_2022.pdf:D\:\\文献数据库\\storage\\一种异质嵌入式针鳍微流道散热器\\一种异质嵌入式针鳍微流道散热器_李春泉_et_al_22.pdf:application/pdf},
}

@misc{LiXueBin_2022,
	address = {中国广西桂林},
	title = {{PDF文件制作软件}},
	copyright = {2022SR1364534},
	abstract = {为满足在工作中存在对扫描之后获得的文件图片进行整理制作成PDF的需求，所开发。
    本软件可以将扫描所得的图片进行分割，并且可以按照阅读的习惯进行更改阅读顺序，最后制成PDF文件。},
	publisher = {桂林电子科技大学},
	author = {李雪斌},
	month = jul,
	year = {2022},
}

@misc{LiChunQuan.LiXueBin_2022,
	address = {中国广西桂林},
	title = {{基于Fluent的磁性纳米流体微通道散热仿真自动化软件}},
	copyright = {2022SR1364532},
	abstract = {实现依照仿真实验规划表进行全流程仿真实验,实现磁性纳米流体微通道散热仿真的自动化
      本系统功能实现流程为：使用python语言依照excel中实验规划表与磁性纳米流体材料参数的设置，批量对python脚本、fluent meshing tui命令脚本、fluent tui命令脚本、CFD Post CCL命令脚本进行创建。然后根据仿真流程依次通过CMD命令调用上述脚本，实现磁性纳米流体微通道散热仿真的自动化},
	publisher = {桂林电子科技大学},
	author = {李春泉 and 李雪斌},
	month = jul,
	year = {2022},
}

@misc{LiXueBin_2022a,
	title = {{XXXXX散热装置制造技术}},
	author = {李雪斌},
	year = {2022},
	annote = {XXXXX散热装置制造技术，国家装备发展部领域基金重点项目，2022-2025，在研，负责热设计分析及实验验证
},
}

@misc{LiXueBin_2020,
	title = {{XXXPBGA} 器件焊接理论技术研究},
	author = {李雪斌},
	year = {2020},
	annote = {XXXPBGA器件焊接理论技术研究，装发快速扶持项目，2020-2021，已结题，负责仿真实验设计，仿真模型实验验证。
},
}

@misc{LiXueBin_2021,
	title = {{XX流体微流道的传热机理及散热技术研究}},
	author = {李雪斌},
	year = {2021},
	annote = {XX流体微流道的传热机理及散热技术研究，中电十所委托横向项目，2019-2020，已结题，负责仿真实验设计，仿真模型验证。
},
}
