
@inproceedings{__2007,
  title = {{圆柱形热过孔的等效热阻分析方法及数值模拟验证}},
  author = {{胡家渝} and {吕倩}},
  year = {2007},
  pages = {344--348},
  publisher = {{中国电子学会电子机械工程分会}},
  language = {zh-CN},
  annotation = {1 citations(CNKI)[2022-5-9]}
}

@article{__2011,
  title = {{三维微流道系统技术研究}},
  author = {{沐方清} and {张杨飞}},
  year = {2011},
  journal = {中国电子科学研究院学报},
  volume = {6},
  number = {1},
  pages = {20--23},
  issn = {1673-5692},
  language = {zh-CN},
  annotation = {CSCD: 否 北大核心: 是 科技核心: 否

复合影响因子: 0.682 综合影响因子: 0.502

12 citations(CNKI)[2022-3-25]}
}

@phdthesis{__2012,
  type = {{硕士}},
  title = {{仿生微流道散热器结构优化及流动散热特性研究}},
  author = {{秦杰}},
  year = {2012},
  collaborator = {{徐尚龙}},
  language = {zh-CN},
  school = {电子科技大学},
  annotation = {19 citations(CNKI)[2022-3-25]}
}

@phdthesis{__2013,
  type = {{硕士}},
  title = {{多热源流道散热设计及特性研究}},
  author = {{郭威}},
  year = {2013},
  collaborator = {{徐尚龙}},
  language = {zh-CN},
  school = {电子科技大学}
}

@article{__2014,
  title = {{印刷电路板散热过孔导热率计算方法及优化}},
  author = {{李增珍}},
  year = {2014},
  journal = {现代电子技术},
  volume = {37},
  number = {12},
  pages = {143--147},
  issn = {1004-373X},
  doi = {10.16652/j.issn.1004-373x.2014.12.018},
  language = {zh-CN},
  annotation = {9 citations(CNKI)[2022-5-9]}
}

@phdthesis{__2014-1,
  type = {{硕士}},
  title = {{多层分叉微通道散热器的水冷散热性能研究}},
  author = {{刘代伟}},
  year = {2014},
  collaborator = {{徐尚龙}},
  language = {zh-CN},
  school = {电子科技大学},
  annotation = {8 citations(CNKI)[2022-3-25]}
}

@phdthesis{__2014-2,
  type = {{博士}},
  title = {{微流道内表面效应对流体流动及传热特性的影响}},
  author = {{谭德坤}},
  year = {2014},
  collaborator = {{刘莹}},
  language = {zh-CN},
  school = {南昌大学},
  annotation = {18 citations(CNKI)[2022-3-25]}
}

@phdthesis{__2014-3,
  type = {{硕士}},
  title = {{基于三维微通道散热的芯片热点散热特性研究}},
  author = {{吴云川}},
  year = {2014},
  collaborator = {{徐尚龙}},
  language = {zh-CN},
  school = {电子科技大学},
  annotation = {4 citations(CNKI)[2022-3-25]}
}

@phdthesis{__2016,
  type = {{硕士}},
  title = {{注射压缩法制备表面微结构散热材料的研究}},
  author = {{张之瑞}},
  year = {2016},
  collaborator = {{郑秀婷}},
  language = {zh-CN},
  school = {北京化工大学},
  annotation = {1 citations(CNKI)[2022-3-25]}
}

@phdthesis{__2016-1,
  type = {{硕士}},
  title = {{多热源凸凹微细流道散热特性研究}},
  author = {{李悦}},
  year = {2016},
  collaborator = {{徐尚龙}},
  language = {zh-CN},
  school = {电子科技大学},
  annotation = {3 citations(CNKI)[2022-3-25]}
}

@phdthesis{__2016-2,
  type = {{硕士}},
  title = {{基于遗传算法的微通道热沉优化设计与工质选择}},
  author = {{吴益昊}},
  year = {2016},
  collaborator = {{徐尚龙}},
  language = {zh-CN},
  school = {电子科技大学},
  annotation = {3 citations(CNKI)[2022-3-25]}
}

@phdthesis{__2018,
  type = {{硕士}},
  title = {{基于微流道的三维集成电路热管理研究}},
  author = {{李秀慧}},
  year = {2018},
  collaborator = {{董刚}},
  language = {zh-CN},
  school = {西安电子科技大学}
}

@phdthesis{__2019-1,
  type = {{硕士}},
  title = {{微流道内流体流动特性和传热性能研究}},
  author = {{贾俊楠}},
  year = {2019},
  collaborator = {{宋清华}},
  language = {zh-CN},
  school = {山东大学},
  annotation = {4 citations(CNKI)[2022-3-25]}
}

@phdthesis{__2019-2,
  type = {{硕士}},
  title = {{用于芯片级散热系统的微流道散热器的研究与制备}},
  author = {{李秋燕}},
  year = {2019},
  collaborator = {{吴传贵}},
  language = {zh-CN},
  school = {电子科技大学},
  annotation = {2 citations(CNKI)[2022-3-25]}
}

@article{__2019-3,
  title = {{铝合金微流道散热板真空扩散焊可靠性及气淬工艺}},
  author = {{牛志伟} and {毕建勋} and {李栋} and {宁立芹} and {毛建英}},
  year = {2019},
  journal = {焊接},
  number = {11},
  pages = {28-32+66-67},
  issn = {1001-1382},
  language = {zh-CN},
  annotation = {CSCD: 否 北大核心: 是 科技核心: 是

复合影响因子: 0.711 综合影响因子: 0.520

1 citations(CNKI)[2022-3-25]}
}

@article{__2020-1,
  title = {{一种基于微流道散热器的自适应散热微系统}},
  author = {{王韬} and {安春全} and {王杰军} and {吴传贵}},
  year = {2020},
  journal = {电子元件与材料},
  volume = {39},
  number = {6},
  pages = {55--60},
  issn = {1001-2028},
  doi = {10.14106/j.cnki.1001-2028.2020.06.010},
  language = {zh-CN},
  annotation = {CSCD: E类 北大核心: 是 科技核心: 是

复合影响因子: 0.589 综合影响因子: 0.310

1 citations(CNKI)[2022-3-25]{$<$}北大核心, CSCD{$>$}}
}

@phdthesis{__2020-2,
  type = {{硕士}},
  title = {{自适应微流道散热系统的研究与制备}},
  author = {{安春全}},
  year = {2020},
  collaborator = {{吴传贵}},
  language = {zh-CN},
  school = {电子科技大学}
}

@article{__2020-3,
  title = {{高性能硅基微流道优化方法研究}},
  author = {{钱吉裕} and {魏涛} and {王韬} and {李秋燕} and {吴传贵}},
  year = {2020},
  journal = {电子科技大学学报},
  volume = {49},
  number = {1},
  pages = {92--97},
  issn = {1001-0548},
  language = {zh-CN},
  annotation = {2 citations(CNKI)[2022-3-25]{$<$}北大核心, EI, CSCD{$>$}}
}

@article{__2020-4,
  title = {{大功率微系统的微流道结构散热特性研究}},
  author = {{朱家昌} and {张振越} and {郭鑫} and {李杨}},
  year = {2020},
  journal = {电子产品可靠性与环境试验},
  volume = {38},
  number = {6},
  pages = {19--23},
  issn = {1672-5468},
  language = {zh-CN},
  annotation = {CSCD: 否 北大核心: 否 科技核心: 否

复合影响因子: 0.339 综合影响因子: 0.236}
}

@article{__2020-5,
  title = {{射频微系统冷却技术综述}},
  author = {{胡长明} and {魏涛} and {钱吉裕} and {王锐}},
  year = {2020},
  journal = {现代雷达},
  volume = {42},
  number = {3},
  pages = {1--11},
  issn = {1004-7859},
  doi = {10.16592/j.cnki.1004-7859.2020.03.001},
  language = {zh-CN}
}

@article{__2021,
  title = {{磁性纳米流体微通道散热分析}},
  author = {李, 春泉 and 李, 雪斌 and 林, 奈 and 黄, 红艳},
  year = {2021},
  journal = {内燃机与配件},
  number = {23},
  pages = {45--47},
  issn = {1674-957X},
  doi = {10.19475/j.cnki.issn1674-957x.2021.23.021},
  language = {中文;}
}

@inproceedings{__2021-1,
  title = {{电路板热过孔对元器件散热的影响}},
  author = {{刘凝瑶} and {周鸿} and {蒋晓琴} and {莫洵}},
  year = {2021},
  pages = {393--396},
  publisher = {{中国力学学会产学研工作委员会、中国航空学会结构与强度分会、中国塑料加工工业协会注塑制品专业委员会、陕西省国防科技工业信息化协会}},
  doi = {10.26914/c.cnkihy.2021.045338},
  language = {zh-CN}
}

@phdthesis{__2021-2,
  type = {{硕士}},
  title = {{三维集成电路微流道散热特性研究}},
  author = {{翟学斌}},
  year = {2021},
  collaborator = {{吕红亮} and {乐立鹏}},
  language = {zh-CN},
  school = {西安电子科技大学}
}

@article{__2021-3,
  title = {{基于高功率密度芯片应用的微流道散热研究}},
  author = {{刘鹏辉} and {苏梅英} and {李君} and {周鸣昊}},
  year = {2021},
  journal = {电力电子技术},
  volume = {55},
  number = {1},
  pages = {129--132},
  issn = {1000-100X},
  language = {zh-CN},
  annotation = {CSCD: E类 北大核心: 是 科技核心: 是

复合影响因子: 0.717 综合影响因子: 0.433

1 citations(CNKI)[2022-3-25]{$<$}北大核心, CSCD{$>$}}
}

@phdthesis{__2021-4,
  type = {{硕士}},
  title = {{大功率有源相控阵天线高效散热关键技术}},
  author = {{苗思源}},
  year = {2021},
  collaborator = {{王从思}},
  language = {zh-CN},
  school = {西安电子科技大学}
}

@phdthesis{__2021-5,
  type = {{硕士}},
  title = {{均温散热微小通道的结构研究}},
  author = {{吕嗣鸿}},
  year = {2021},
  collaborator = {{王皓}},
  language = {zh-CN},
  school = {电子科技大学}
}

@phdthesis{__2021-6,
  type = {{硕士}},
  title = {{三维集成热管理及芯片级热应力建模与仿真}},
  author = {{李玥}},
  year = {2021},
  collaborator = {{王凤娟} and {张敏}},
  language = {中文;},
  school = {西安理工大学},
  annotation = {1 citations(CNKI)[2022-8-2]}
}

@phdthesis{_-_2018,
  type = {{硕士}},
  title = {{金属-陶瓷复合结构微通道散热器的强化散热微流道研究}},
  author = {{金之钰}},
  year = {2018},
  collaborator = {{丁桂甫}},
  language = {zh-CN},
  school = {上海交通大学},
  annotation = {2 citations(CNKI)[2022-3-25]}
}

@phdthesis{_-_2018-1,
  type = {{硕士}},
  title = {{金属-陶瓷复合结构微通道散热器的强化散热微流道研究}},
  author = {{金之钰}},
  year = {2018},
  collaborator = {{丁桂甫}},
  language = {zh-CN},
  school = {上海交通大学},
  annotation = {2 citations(CNKI)[2022-8-18]}
}

@phdthesis{_-_2019,
  type = {{硕士}},
  title = {{基于遗传算法的仿生微流道热沉多目标优化及热-流协同特性研究}},
  author = {{闫红雨}},
  year = {2019},
  collaborator = {{闫云飞}},
  language = {zh-CN},
  school = {重庆大学}
}

@phdthesis{_3d_2018,
  type = {{博士}},
  title = {{三维集成电路（3D IC）中硅通孔（TSV）链路的多场分析}},
  author = {{郑俊平}},
  year = {2018},
  collaborator = {{杨银堂}},
  language = {zh-CN},
  school = {西安电子科技大学}
}

@phdthesis{_ltcc_2015,
  type = {{硕士}},
  title = {{基于LTCC的微流道结构设计和优化}},
  author = {{毕波}},
  year = {2015},
  collaborator = {{李跃进}},
  language = {zh-CN},
  school = {西安电子科技大学},
  annotation = {7 citations(CNKI)[2022-3-25]}
}

@phdthesis{_ltcc_2017,
  type = {{硕士}},
  title = {{微通道及导热柱结构对LTCC微波组件散热性能影响研究}},
  author = {{廖志平}},
  year = {2017},
  collaborator = {{吴兆华}},
  language = {zh-CN},
  school = {桂林电子科技大学},
  annotation = {2 citations(CNKI)[2022-4-5]}
}

@article{_ltcc_2017-1,
  title = {{LTCC基板集成微流通道散热技术}},
  author = {{陈磊} and {吉喆} and {唐小平} and {严英占}},
  year = {2017},
  journal = {电子工艺技术},
  volume = {38},
  number = {1},
  pages = {14-16+28+48+59},
  issn = {1001-3474},
  doi = {10.14176/j.issn.1001-3474.2017.01.005},
  language = {cn},
  annotation = {CSCD: 否 北大核心: 否 科技核心: 否

复合影响因子: 0.567 综合影响因子: 0.478}
}

@phdthesis{_ltcc_2017-2,
  type = {{硕士}},
  title = {{LTCC多芯片功放组件微流道设计及散热特性研究}},
  author = {{张晓飞}},
  year = {2017},
  collaborator = {{徐尚龙}},
  language = {cn},
  school = {电子科技大学},
  annotation = {2 citations(CNKI)[2022-3-25]}
}

@article{_ltcc_2019,
  title = {{基于正交设计的LTCC基板微流道散热性能研究}},
  author = {{何伟} and {黄春跃} and {梁颖}},
  year = {2019},
  journal = {机械强度},
  volume = {41},
  number = {5},
  pages = {1223--1227},
  issn = {1001-9669},
  doi = {10.16579/j.issn.1001.9669.2019.05.033},
  language = {zh-CN},
  annotation = {CSCD: E类 北大核心: 是 科技核心: 是

复合影响因子: 0.659 综合影响因子: 0.466

1 citations(CNKI)[2022-3-25]{$<$}北大核心, CSCD{$>$}}
}

@article{_ltcc_2020,
  title = {{高热导率LTCC基板的散热性能研究}},
  author = {{肖刚} and {郝沄} and {杨宇军} and {袁海} and {陈宁}},
  year = {2020},
  journal = {电子工艺技术},
  volume = {41},
  number = {2},
  pages = {91--94},
  issn = {1001-3474},
  doi = {10.14176/j.issn.1001-3474.2020.02.008},
  language = {zh-CN},
  annotation = {CSCD: 否 北大核心: 否 科技核心: 否

复合影响因子: 0.567 综合影响因子: 0.478

1 citations(CNKI)[2022-3-25]}
}

@phdthesis{_ltcc_2020-1,
  type = {{硕士}},
  title = {{基于LTCC的微流道热管理研究}},
  author = {{董婷妮}},
  year = {2020},
  collaborator = {{董刚}},
  language = {zh-CN},
  school = {西安电子科技大学}
}

@article{_ltcc_2021,
  title = {{基于LTCC的微流道散热技术}},
  author = {{胡海霖} and {刘建军} and {张孔}},
  year = {2021},
  journal = {电子与封装},
  volume = {21},
  number = {4},
  pages = {58--61},
  issn = {1681-1070},
  doi = {10.16257/j.cnki.1681-1070.2021.0409},
  language = {zh-CN},
  annotation = {CSCD: 否 北大核心: 否 科技核心: 否

复合影响因子: 0.272 综合影响因子: 0.175}
}

@phdthesis{_pcb_2010,
  type = {{硕士}},
  title = {{电子电路PCB的散热分析与设计}},
  author = {{黄云生}},
  year = {2010},
  collaborator = {{王松林}},
  language = {zh-CN},
  school = {西安电子科技大学},
  annotation = {49 citations(CNKI)[2022-5-9]}
}

@article{_pcb_2018,
  title = {{PCB板级电路中高效散热结构的优化设计}},
  author = {{刘维红} and {李丹}},
  year = {2018},
  journal = {半导体光电},
  volume = {39},
  number = {5},
  pages = {690-693+706},
  issn = {1001-5868},
  doi = {10.16818/j.issn1001-5868.2018.05.017},
  language = {zh-CN},
  annotation = {16 citations(CNKI)[2022-5-9]{$<$}北大核心{$>$}}
}

@phdthesis{_pcb_2022,
  type = {{硕士}},
  title = {{多芯片PCB板微通道液冷设计及散热性能研究}},
  author = {{郑师晨}},
  year = {2022},
  collaborator = {{徐尚龙}},
  language = {zh-CN},
  school = {电子科技大学}
}

@phdthesis{_sip_2021,
  type = {{硕士}},
  title = {{多通道收发组件SiP关键技术研究}},
  author = {{陈顺利}},
  year = {2021},
  collaborator = {{王志刚}},
  language = {zh-CN},
  school = {电子科技大学},
  annotation = {4 citations(CNKI)[2022-9-13]}
}

@phdthesis{_tsv_2015,
  type = {{硕士}},
  title = {{基于TSV的三维高功率芯片的散热特性研究}},
  author = {{卫三娟}},
  year = {2015},
  collaborator = {{田文超}},
  language = {zh-CN},
  school = {西安电子科技大学},
  annotation = {5 citations(CNKI)[2022-3-25]}
}

@article{a_effect_2021,
  title = {Effect of Shape and Arrangement of Micro-Structures in a Microchannel Heat Sink on the Thermo-Hydraulic Performance},
  shorttitle = {🔤微通道散热器中微结构的形状和布置对热湿度性能的影响},
  author = {A, Rajalingam and Chakraborty, Shubhankar},
  year = {2021},
  month = may,
  journal = {Applied Thermal Engineering},
  volume = {190},
  pages = {116755},
  issn = {13594311},
  doi = {10.1016/j.applthermaleng.2021.116755},
  copyright = {5.175},
  language = {en},
  lccn = {5.295}
}

@article{ahmad_abbasi_application_2019,
  title = {On the Application of {{Harris}} Hawks Optimization ({{HHO}}) Algorithm to the Design of Microchannel Heat Sinks},
  shorttitle = {🔤{{关于Harris Hawks优化}}（{{HHO}}）算法在微通道散热器设计中的应用},
  author = {{Ahmad Abbasi} and {Behnam Firouzi} and {Polat Sendur}},
  year = {2019},
  month = dec,
  journal = {Engineering with Computers},
  doi = {10.1007/s00366-019-00892-0},
  lccn = {7.963}
}

@article{al-neama_experimental_2017,
  title = {An Experimental and Numerical Investigation of the Use of Liquid Flow in Serpentine Microchannels for Microelectronics Cooling},
  author = {{Al-Neama}, Ahmed F. and Kapur, Nikil and Summers, Jonathan and Thompson, Harvey M.},
  year = {2017},
  month = apr,
  journal = {Applied Thermal Engineering},
  volume = {116},
  pages = {709--723},
  issn = {1359-4311},
  doi = {10.1016/j.applthermaleng.2017.02.001},
  language = {en},
  lccn = {2}
}

@article{amol_bhosale_laminar_2022,
  title = {Laminar {{Forced Convective Heat Transfer Performance Analysis}} of {{Elliptical}} and {{Semicircular Microchannels}}},
  shorttitle = {🔤层层次强制对流传热性能分析椭圆形和半圆形微通道},
  author = {{Amol Bhosale} and {S. Y. Bhosale} and {H. N. Deshpande} and {Sandip K. Saha}},
  year = {2022},
  month = feb,
  journal = {Journal of Thermophysics and Heat Transfer},
  doi = {10.2514/1.t6249},
  lccn = {1.711},
  annotation = {JCR: Q3 中科院大类分区: 工程技术4区 中科院小类分区: 热力学4区  工程：机械4区  

影响因子: 1.7112 5年影响因子: 1.5360}
}

@article{ansari_hotspot_2018,
  title = {Hotspot Thermal Management Using a Microchannel-Pinfin Hybrid Heat Sink},
  shorttitle = {🔤热点热管理使用微通道松蛋白混合散热器},
  author = {Ansari, Danish and Kim, Kwang-Yong},
  year = {2018},
  month = dec,
  journal = {International Journal of Thermal Sciences},
  volume = {134},
  pages = {27--39},
  issn = {1290-0729},
  doi = {10.1016/j.ijthermalsci.2018.07.043},
  copyright = {3.8758},
  language = {en},
  lccn = {3.7441}
}

@article{ansari_hotspot_2018-1,
  title = {Hotspot Thermal Management Using a Microchannel-Pinfin Hybrid Heat Sink},
  shorttitle = {🔤热点热管理使用微通道松蛋白混合散热器},
  author = {Ansari, Danish and Kim, Kwang-Yong},
  year = {2018},
  month = dec,
  journal = {International Journal of Thermal Sciences},
  volume = {134},
  pages = {27--39},
  issn = {1290-0729},
  doi = {10.1016/j.ijthermalsci.2018.07.043},
  language = {en},
  lccn = {2}
}

@article{ansari_hotspot_2019,
  title = {Hotspot Management Using a Hybrid Heat Sink with Stepped Pin-Fins},
  shorttitle = {🔤使用带有踩钉的混合散热器的热点管理},
  author = {Ansari, Danish and Kim, Kwang-Yong},
  year = {2019},
  month = mar,
  journal = {Numerical Heat Transfer, Part A: Applications},
  volume = {75},
  number = {6},
  pages = {359--380},
  publisher = {{Taylor \& Francis}},
  issn = {1040-7782},
  doi = {10.1080/10407782.2019.1599272},
  copyright = {2.6683},
  lccn = {2.9279},
  annotation = {\_eprint: https://doi.org/10.1080/10407782.2019.1599272}
}

@article{ansari_hotspot_2019-1,
  title = {Hotspot Management Using a Hybrid Heat Sink with Stepped Pin-Fins},
  shorttitle = {🔤热点管理，使用带有垫脚针脚的混合散热器管理，{{使用STEPPED PIN-FINS}}},
  author = {Ansari, Danish and Kim, Kwang-Yong},
  year = {2019},
  month = mar,
  journal = {Numerical Heat Transfer, Part A: Applications},
  volume = {75},
  number = {6},
  pages = {359--380},
  publisher = {{Taylor \& Francis}},
  issn = {1040-7782},
  doi = {10.1080/10407782.2019.1599272},
  copyright = {2.330},
  lccn = {2.569},
  annotation = {\_eprint: https://doi.org/10.1080/10407782.2019.1599272}
}

@article{ansari_novel_2020,
  title = {A Novel Composite Pinfin Heat Sink for Hotspot Mitigation},
  author = {Ansari, Danish and Jeong, Ji Hwan},
  year = {2020},
  month = aug,
  journal = {International Journal of Heat and Mass Transfer},
  volume = {156},
  pages = {119843},
  issn = {0017-9310},
  doi = {10.1016/j.ijheatmasstransfer.2020.119843},
  language = {en},
  lccn = {2}
}

@article{ansari_silicon-diamond_2021,
  title = {A Silicon-Diamond Microchannel Heat Sink for Die-Level Hotspot Thermal Management},
  shorttitle = {🔤硅钻石微通道散热器，用于模具级热点热管理},
  author = {Ansari, Danish and Jeong, Ji Hwan},
  year = {2021},
  month = jul,
  journal = {Applied Thermal Engineering},
  volume = {194},
  pages = {117131},
  issn = {1359-4311},
  doi = {10.1016/j.applthermaleng.2021.117131},
  copyright = {5.1750},
  language = {en},
  lccn = {5.2953}
}

@article{ansari_silicon-diamond_2021-1,
  title = {A Silicon-Diamond Microchannel Heat Sink for Die-Level Hotspot Thermal Management},
  shorttitle = {🔤硅钻石微通道散热器，用于模具级热点热管理},
  author = {Ansari, Danish and Jeong, Ji Hwan},
  year = {2021},
  month = jul,
  journal = {Applied Thermal Engineering},
  volume = {194},
  pages = {117131},
  issn = {1359-4311},
  doi = {10.1016/j.applthermaleng.2021.117131},
  copyright = {5.906},
  language = {en},
  lccn = {6.465}
}

@article{aparna_aravelli_multiobjective_2013,
  title = {Multiobjective {{Design Optimization}} of {{Microchannel Cooling System Using High Performance Thermal Vias}} in {{LTCC Substrates}}},
  shorttitle = {🔤{{使用高性能热VIA在LTCC底盘中使用高性能热VIA}}},
  author = {{Aparna Aravelli} and {Singiresu S. Rao} and {Hari K. Adluru}},
  year = {2013},
  month = jan,
  journal = {Journal of Microelectronics and Electronic Packaging},
  doi = {10.4071/imaps.360}
}

@article{bahiraei_efficacy_2019,
  title = {Efficacy of a Hybrid Nanofluid in a New Microchannel Heat Sink Equipped with Both Secondary Channels and Ribs},
  shorttitle = {🔤混合纳米流体在配备二次通道和肋骨的新微通道散热器中的功效},
  author = {Bahiraei, Mehdi and Jamshidmofid, Mohammad and Goodarzi, Marjan},
  year = {2019},
  month = jan,
  journal = {Journal of Molecular Liquids},
  volume = {273},
  pages = {88--98},
  issn = {01677322},
  doi = {10.1016/j.molliq.2018.10.003},
  copyright = {5.6417},
  language = {en},
  lccn = {6.1647}
}

@inproceedings{beyne_3d_2006,
  title = {{{3D System Integration Technologies}}},
  booktitle = {2006 {{International Symposium}} on {{VLSI Technology}}, {{Systems}}, and {{Applications}}},
  author = {Beyne, Eric},
  year = {2006},
  month = apr,
  pages = {1--9},
  issn = {1524-766X},
  doi = {10.1109/VTSA.2006.251113}
}

@article{bhandari_thermal_2021,
  title = {Thermal Performance of Open Microchannel Heat Sink with Variable Pin Fin Height},
  shorttitle = {🔤开放微通道散热器的热性能，带有可变的引脚鳍高度},
  author = {Bhandari, Prabhakar and Prajapati, Yogesh K.},
  year = {2021},
  month = jan,
  journal = {International Journal of Thermal Sciences},
  volume = {159},
  pages = {106609},
  issn = {1290-0729},
  doi = {10.1016/j.ijthermalsci.2020.106609},
  language = {en},
  lccn = {3.744}
}

@article{bhandari_thermal_2021-1,
  title = {Thermal Performance of Open Microchannel Heat Sink with Variable Pin Fin Height},
  shorttitle = {🔤开放微通道散热器的热性能，带有可变的引脚鳍高度},
  author = {Bhandari, Prabhakar and Prajapati, Yogesh K.},
  year = {2021},
  month = jan,
  journal = {International Journal of Thermal Sciences},
  volume = {159},
  pages = {106609},
  issn = {1290-0729},
  doi = {10.1016/j.ijthermalsci.2020.106609},
  language = {en},
  lccn = {2}
}

@inproceedings{bhuvanendran_nair_gourikutty_defect_2020,
  title = {Defect {{Localization}} in {{Through-Si-Interposer Based}} 2.{{5D ICs}}},
  booktitle = {2020 {{IEEE}} 70th {{Electronic Components}} and {{Technology Conference}} ({{ECTC}})},
  author = {Bhuvanendran Nair Gourikutty, Sajay and Meng Chow, Yew and Alton, Jesse and Bhimrao Umralkar, Ratan and Bai, Haonan and Keng Chua, Kok and Bhattacharya, Surya},
  year = {2020},
  month = jun,
  pages = {1180--1185},
  issn = {2377-5726},
  doi = {10.1109/ECTC32862.2020.00189}
}

@article{black_electromigrationbrief_1969,
  title = {Electromigration\textemdash{{A}} Brief Survey and Some Recent Results},
  author = {Black, J.R.},
  year = {1969},
  month = apr,
  journal = {IEEE Transactions on Electron Devices},
  volume = {16},
  number = {4},
  pages = {338--347},
  issn = {1557-9646},
  doi = {10.1109/T-ED.1969.16754},
  lccn = {2}
}

@inproceedings{cai_thermal_2018,
  title = {Thermal and {{Electrical Characterization}} of {{TSV Interposer Embedded}} with {{Microchannel}} for 2.{{5D Integration}} of {{GaN RF Devices}}},
  booktitle = {2018 {{IEEE}} 68th {{Electronic Components}} and {{Technology Conference}} ({{ECTC}})},
  author = {Cai, Han and Ma, Shenglin and Wang, Wei and Jin, Yufeng and Chen, Jing and Zhang, Jian and Xiang, Weiwei and Hu, Liulin and He, Shuwei},
  year = {2018},
  pages = {2156--2162},
  issn = {2377-5726},
  doi = {10.1109/ECTC.2018.00323}
}

@article{cao_experimental_2022,
  title = {Experimental and Numerical Investigation on the Heat Transfer Enhancement for {{Mini-channel}} Heat Sinks with Tessellated Fins},
  author = {Cao, Xin and Liu, Huan-ling and Shao, Xiao-dong and Shi, Hang-bo},
  year = {2022},
  month = jul,
  journal = {Applied Thermal Engineering},
  volume = {211},
  pages = {118353},
  issn = {1359-4311},
  doi = {10.1016/j.applthermaleng.2022.118353},
  language = {en},
  lccn = {2}
}

@article{cao_role_2022,
  title = {Role of Beryllium Oxide on the Thermal Efficiency of Microchannel Heat Exchanger with an Optimum Fin Structure},
  shorttitle = {🔤氧化铍在微通道热交换器的热效率上的作用，具有最佳的鳍片结构},
  author = {Cao, Yan and {El-Shorbagy}, M. A. and Sharma, Kamal and Aly, Ayman A. and Felemban, Bassem F.},
  year = {2022},
  month = apr,
  journal = {Ceramics International},
  volume = {48},
  number = {7},
  pages = {9973--9986},
  issn = {0272-8842},
  doi = {10.1016/j.ceramint.2021.12.204},
  copyright = {4.683},
  language = {en},
  lccn = {5.532}
}

@article{chai_numerical_2011-2,
  title = {Numerical Simulation of Fluid Flow and Heat Transfer in a Microchannel Heat Sink with Offset Fan-Shaped Reentrant Cavities in Sidewall},
  author = {Chai, Lei and Xia, Guodong and Zhou, Mingzheng and Li, Jian},
  year = {2011},
  month = may,
  journal = {International Communications in Heat and Mass Transfer},
  volume = {38},
  number = {5},
  pages = {577--584},
  issn = {0735-1933},
  doi = {10.1016/j.icheatmasstransfer.2010.12.037},
  language = {en},
  lccn = {2}
}

@article{chen_constructal_2020,
  title = {Constructal Design Progress for Eight Types of Heat Sinks},
  shorttitle = {🔤八种散热器的构造设计进度},
  author = {Chen, LinGen and Yang, AiBo and Feng, HuiJun and Ge, YanLin and Xia, ShaoJun},
  year = {2020},
  month = jun,
  journal = {Science China-Technological Sciences},
  volume = {63},
  number = {6},
  pages = {879--911},
  issn = {1869-1900},
  doi = {10.1007/s11431-019-1469-1},
  copyright = {2.7788},
  language = {en},
  lccn = {3.5718}
}

@inproceedings{chen_development_2018,
  title = {Development of {{Novel Fine Line}} 2.1 {{D Package}} with {{Organic Interposer Using Advanced Substrate-Based Process}}},
  booktitle = {2018 {{IEEE}} 68th {{Electronic Components}} and {{Technology Conference}} ({{ECTC}})},
  author = {Chen, Wei-Chung and Lee, Chiu-Wen and Kuo, Hung-Chun and Chung, Min-Hua and Wang, Chaung-Chi and Huang, Shang-Kun and Liao, Yen-Sen and Wang, Chen-Chao and Tarng, David},
  year = {2018},
  pages = {601--606},
  issn = {2377-5726},
  doi = {10.1109/ECTC.2018.00095}
}

@article{cheng_spray_2016,
  title = {Spray Cooling and Flash Evaporation Cooling: {{The}} Current Development and Application},
  shorttitle = {🔤喷雾冷却和闪光蒸发冷却：当前的开发和应用},
  author = {Cheng, Wen-Long and Zhang, Wei-Wei and Chen, Hua and Hu, Lei},
  year = {2016},
  month = mar,
  journal = {Renewable and Sustainable Energy Reviews},
  volume = {55},
  pages = {614--628},
  issn = {1364-0321},
  doi = {10.1016/j.rser.2015.11.014},
  language = {en}
}

@article{d_sathish_kumar_effect_2022,
  title = {{{EFFECT OF LOCATION OF DISCRETE HEAT SOURCES ON A WAVY-WALL MICROCHANNEL FOR LIQUID COOLING}}},
  shorttitle = {🔤离散热源在波浪壁的微通道上的位置的影响，用于液体冷却的微通道},
  author = {{D. Sathish Kumar} and {S. Jayavel}},
  year = {2022},
  month = jan,
  journal = {Journal of Enhanced Heat Transfer},
  doi = {10.1615/jenhheattransf.2022041688},
  annotation = {JCR: Q3 中科院大类分区:  中科院小类分区: 

影响因子: 1.406 5年影响因子: 1.075}
}

@article{dawei_zhuang_optimization_2020,
  title = {Optimization of {{Microchannel Heat Sink}} with {{Rhombus Fractal-like Units}} for {{Electronic Chip Cooling}}},
  shorttitle = {🔤用菱形分形单元优化微通道散热器，用于电子芯片冷却},
  author = {{Dawei Zhuang} and {Yifei Yang} and {Guoliang Ding} and {Xinyuan Du} and {Zuntao Hu}},
  year = {2020},
  month = apr,
  journal = {International Journal of Refrigeration},
  doi = {10.1016/j.ijrefrig.2020.03.026}
}

@article{deng_improving_2022,
  title = {Improving Boiling Heat Transfer with Hydrophilic/Hydrophobic Patterned Flat Surface: {{A}} Molecular Dynamics Study},
  shorttitle = {🔤用亲水/疏水图案扁平表面改善沸腾热传递：一项分子动力学研究},
  author = {Deng, Wei and Ahmad, Shakeel and Liu, Huaqiang and Chen, Jingtan and Zhao, Jiyun},
  year = {2022},
  month = jan,
  journal = {International Journal of Heat and Mass Transfer},
  volume = {182},
  pages = {121974},
  issn = {0017-9310},
  doi = {10.1016/j.ijheatmasstransfer.2021.121974},
  copyright = {5.428},
  language = {en},
  lccn = {5.431}
}

@article{dennard_design_1974,
  title = {Design of Ion-Implanted {{MOSFET}}'s with Very Small Physical Dimensions},
  author = {Dennard, R.H. and Gaensslen, F.H. and Yu, Hwa-Nien and Rideout, V.L. and Bassous, E. and LeBlanc, A.R.},
  year = {1974},
  journal = {IEEE Journal of Solid-State Circuits},
  volume = {9},
  number = {5},
  pages = {256--268},
  issn = {1558-173X},
  doi = {10.1109/JSSC.1974.1050511},
  lccn = {1}
}

@article{derakhshanpour_effect_2020,
  title = {Effect of Rib Shape and Fillet Radius on Thermal-Hydrodynamic Performance of Microchannel Heat Sinks: {{A CFD}} Study},
  shorttitle = {🔤肋骨形状和圆角半径对微通道散热器的热流动力性能的影响：{{CFD研究}}},
  author = {Derakhshanpour, K. and Kamali, R. and Eslami, M.},
  year = {2020},
  month = dec,
  journal = {International Communications in Heat and Mass Transfer},
  volume = {119},
  pages = {104928},
  issn = {0735-1933},
  doi = {10.1016/j.icheatmasstransfer.2020.104928},
  copyright = {6.390},
  language = {en},
  lccn = {6.782}
}

@article{ding_coupling_2021,
  title = {Coupling Management Optimization of Temperature and Thermal Stress inside {{3D-IC}} with Multi-Cores and Various Power Density},
  author = {Ding, Bin and Zhang, Zhi-Hao and Gong, Liang and Zhu, Chuan-Yong and Xu, Ming-Hai},
  year = {2021},
  month = jan,
  journal = {International Communications in Heat and Mass Transfer},
  volume = {120},
  pages = {105021},
  issn = {0735-1933},
  doi = {10.1016/j.icheatmasstransfer.2020.105021},
  language = {en},
  lccn = {2}
}

@inproceedings{ding_high_2020,
  title = {High {{Bandwidth Low Power}} 2.{{5D Interconnect Modeling}} and {{Design}}},
  booktitle = {2020 {{IEEE}} 70th {{Electronic Components}} and {{Technology Conference}} ({{ECTC}})},
  author = {Ding, Qian and Liu, Hui and Yew, Yee Huan and Jiang, Jenny},
  year = {2020},
  month = jun,
  pages = {1832--1837},
  issn = {2377-5726},
  doi = {10.1109/ECTC32862.2020.00286}
}

@inproceedings{ding_multiphysics_2006,
  title = {Multiphysics {{Simulation}} of {{Electromagnetic Shielding}} and {{Thermal Stressing}} within {{Ceramic}} and {{Silicon Multilayer Packages}} for {{RF Applications}}},
  shorttitle = {🔤陶瓷和硅多层包中电磁屏蔽和热应力的多物理模拟，{{用于RF应用}}},
  booktitle = {2006 1st {{Electronic Systemintegration Technology Conference}}},
  author = {Ding, Jian and Linton, David and Armstrong, Mervyn and Mitchell, Neil and Fusco, Vince},
  year = {2006},
  month = sep,
  pages = {679--683},
  publisher = {{IEEE}},
  address = {{Dresden}},
  doi = {10.1109/ESTC.2006.280079},
  isbn = {978-1-4244-0552-7},
  language = {en}
}

@article{dongwei_zhang_investigation_2022,
  title = {Investigation on the Heat Transfer and Energy-Saving Performance of Microchannel with Cavities and Extended Surface},
  shorttitle = {🔤研究微通道的传热和节能性能},
  author = {{Dongwei Zhang} and {Luotong Fu} and {Jian Guan} and {Chao Shen} and {Songzhen Tang}},
  year = {2022},
  month = feb,
  journal = {International Journal of Heat and Mass Transfer},
  doi = {10.1016/j.ijheatmasstransfer.2022.122712},
  lccn = {5.584},
  annotation = {JCR: Q1 中科院大类分区: 工程技术2区 Top 中科院小类分区: 热力学1区  工程：机械2区  力学2区  

影响因子: 5.584 5年影响因子: 5.248}
}

@article{donna_post_guillen_topology_2022,
  title = {Topology Optimization of an Airfoil Fin Microchannel Heat Exchanger Using Artificial Intelligence},
  shorttitle = {🔤使用人工智能的拓扑优化微通道热交换器},
  author = {{Donna Post Guillen} and {Alexander W. Abboud} and {James Bennink}},
  year = {2022},
  month = mar,
  journal = {Nuclear Engineering and Design},
  doi = {10.1016/j.nucengdes.2022.111737},
  lccn = {1.869},
  annotation = {JCR: Q2 中科院大类分区: 工程技术3区 中科院小类分区: 核科学技术2区  

影响因子: 1.869 5年影响因子: 1.837}
}

@article{du_laminar_2018,
  title = {Laminar Thermal and Fluid Flow Characteristics in Tubes with Sinusoidal Ribs},
  shorttitle = {🔤正弦肋骨管中的层流和流体流动特性},
  author = {Du, Juan and Hong, Yuxiang and Huang, Si-Min and Ye, Wei-Biao and Wang, Shuangfeng},
  year = {2018},
  month = may,
  journal = {International Journal of Heat and Mass Transfer},
  volume = {120},
  pages = {635--651},
  issn = {0017-9310},
  doi = {10.1016/j.ijheatmasstransfer.2017.12.047},
  copyright = {5.2481},
  language = {en},
  lccn = {5.5839}
}

@article{duan_2021,
  title = {{电子设备散热的新技术}},
  author = {{段斐帆} and {涂淑平}},
  year = {2021},
  journal = {工业加热},
  volume = {50},
  number = {11},
  pages = {63--68},
  issn = {1002-1639},
  language = {zh-CN},
  annotation = {👍1[2022-8-24]}
}

@article{el_ghandouri_design_2020,
  title = {Design and Numerical Investigations of Natural Convection Heat Transfer of a New Rippling Fin Shape},
  shorttitle = {🔤新的波纹鳍形状的自然对流热传递的设计和数值研究},
  author = {El Ghandouri, Ihssane and El Maakoul, Anas and Saadeddine, Said and Meziane, Mohamed},
  year = {2020},
  month = sep,
  journal = {Applied Thermal Engineering},
  volume = {178},
  pages = {115670},
  issn = {1359-4311},
  doi = {10.1016/j.applthermaleng.2020.115670},
  language = {en},
  lccn = {5.295}
}

@article{feng_effects_2021,
  title = {Effects of Geometric Parameters of Circular Pin-Fins on Fluid Flow and Heat Transfer in an Interrupted Microchannel Heat Sink},
  shorttitle = {🔤循环销钉的几何参数对中断的微通道散热器中流体流量和热传递的影响，},
  author = {Feng, Zhenfei and Hu, Zhenjun and Lan, Yongqi and Huang, Zuqiang and Zhang, Jinxin},
  year = {2021},
  month = jul,
  journal = {International Journal of Thermal Sciences},
  volume = {165},
  pages = {106956},
  issn = {1290-0729},
  doi = {10.1016/j.ijthermalsci.2021.106956},
  language = {en},
  lccn = {3.744}
}

@article{gallegos_strength_nodate,
  title = {Strength and {{Reliability Estimation}} of {{LTCC Material With}} and {{Without Metallic Features}}},
  shorttitle = {🔤{{具有金属特征的LTCC材料的强度和可靠性估计}}},
  author = {Gallegos, Laura},
  pages = {26},
  language = {en}
}

@article{gaurav_hedau_combined_2020,
  title = {Combined Effect of Inlet Restrictor and Nanostructure on Two-Phase Flow Performance of Parallel Microchannel Heat Sinks},
  shorttitle = {🔤入口限制器和纳米构造对平行微型频道热水量的两度流动性能的组合效应},
  author = {{Gaurav Hedau} and {Prasenjit Dey} and {Rishi Raj} and {Sandip K. Saha}},
  year = {2020},
  month = jul,
  journal = {International Journal of Thermal Sciences},
  doi = {10.1016/j.ijthermalsci.2020.106339},
  lccn = {3.744},
  annotation = {JCR: Q1 中科院大类分区: 工程技术2区 中科院小类分区: 热力学2区  工程：机械2区  

影响因子: 3.744 5年影响因子: 3.876}
}

@article{ghahremannezhad_thermal_2018,
  title = {Thermal and Hydraulic Performance Enhancement of Microchannel Heat Sinks Utilizing Porous Substrates},
  shorttitle = {🔤使用多孔底物的微通道散热器的热和液压性能增强},
  author = {Ghahremannezhad, Ali and Vafai, Kambiz},
  year = {2018},
  month = jul,
  journal = {International Journal of Heat and Mass Transfer},
  volume = {122},
  pages = {1313--1326},
  issn = {00179310},
  doi = {10.1016/j.ijheatmasstransfer.2018.02.024},
  language = {en},
  lccn = {5.584},
  annotation = {JCR: Q1 中科院大类分区: 工程技术2区 Top 中科院小类分区: 热力学1区  工程：机械2区  力学2区  

影响因子: 5.584 5年影响因子: 5.248}
}

@article{ghani_heat_2017,
  title = {Heat Transfer Enhancement in Microchannel Heat Sink Using Hybrid Technique of Ribs and Secondary Channels},
  shorttitle = {🔤使用肋骨和辅助通道的混合技术，微通道散热器的传热增强},
  author = {Ghani, Ihsan Ali and Sidik, Nor Azwadi Che and Mamat, Rizal and Najafi, G. and Ken, Tan Lit and Asako, Yutaka and Japar, Wan Mohd Arif Aziz},
  year = {2017},
  month = nov,
  journal = {International Journal of Heat and Mass Transfer},
  volume = {114},
  pages = {640--655},
  issn = {00179310},
  doi = {10.1016/j.ijheatmasstransfer.2017.06.103},
  copyright = {5.2481},
  language = {en},
  lccn = {5.5839}
}

@article{ghani_heat_2017-1,
  title = {Heat Transfer Enhancement in Microchannel Heat Sink Using Hybrid Technique of Ribs and Secondary Channels},
  shorttitle = {🔤热传递在微通道散热器中使用肋骨和次要通道的混合动力技术在微通道散热器中增强效果。1505},
  author = {Ghani, Ihsan Ali and Sidik, Nor Azwadi Che and Mamat, Rizal and Najafi, G. and Ken, Tan Lit and Asako, Yutaka and Japar, Wan Mohd Arif Aziz},
  year = {2017},
  month = nov,
  journal = {International Journal of Heat and Mass Transfer},
  volume = {114},
  pages = {640--655},
  issn = {0017-9310},
  doi = {10.1016/j.ijheatmasstransfer.2017.06.103},
  copyright = {5.428},
  language = {en},
  lccn = {5.431}
}

@inproceedings{girasek_improving_2017,
  title = {Improving Thermal Resistance of Multilayer {{LTCC}} Module with Cooling Channels and Thermal Vias},
  shorttitle = {🔤{{通过冷却通道和热vias提高多层LTCC模块的热电阻}}},
  booktitle = {2017 40th {{International Spring Seminar}} on {{Electronics Technology}} ({{ISSE}})},
  author = {Girasek, Tomas and Pietrikova, Alena and Welker, Tilo and Muller, Jens},
  year = {2017},
  month = may,
  pages = {1--6},
  publisher = {{IEEE}},
  address = {{Sofia, Bulgaria}},
  doi = {10.1109/ISSE.2017.8000895},
  isbn = {978-1-5386-0582-0},
  language = {en}
}

@article{gong_numerical_2015,
  title = {Numerical Study on Layout of Micro-Channel Heat Sink for Thermal Management of Electronic Devices},
  author = {Gong, Liang and Zhao, Jin and Huang, Shanbo},
  year = {2015},
  month = sep,
  journal = {Applied Thermal Engineering},
  series = {Special {{Issue}} for {{International Heat Transfer Symposium}} 2014},
  volume = {88},
  pages = {480--490},
  issn = {1359-4311},
  doi = {10.1016/j.applthermaleng.2014.09.048},
  language = {en},
  lccn = {2}
}

@article{guo_entransyphysical_2007,
  title = {Entransy\textemdash{{A}} Physical Quantity Describing Heat Transfer Ability},
  author = {Guo, Zeng-Yuan and Zhu, Hong-Ye and Liang, Xin-Gang},
  year = {2007},
  month = jul,
  journal = {International Journal of Heat and Mass Transfer},
  volume = {50},
  number = {13},
  pages = {2545--2556},
  issn = {0017-9310},
  doi = {10.1016/j.ijheatmasstransfer.2006.11.034},
  language = {en},
  lccn = {2}
}

@article{guo_entransyphysical_2007-1,
  title = {Entransy\textemdash{{A}} Physical Quantity Describing Heat Transfer Ability},
  shorttitle = {🔤{{Entransy-描述传热能力的物理量}}},
  author = {Guo, Zeng-Yuan and Zhu, Hong-Ye and Liang, Xin-Gang},
  year = {2007},
  month = jul,
  journal = {International Journal of Heat and Mass Transfer},
  volume = {50},
  number = {13},
  pages = {2545--2556},
  issn = {0017-9310},
  doi = {10.1016/j.ijheatmasstransfer.2006.11.034},
  copyright = {5.2481},
  language = {en},
  lccn = {5.5839}
}

@article{guojie_liu_modeling_2020,
  title = {Modeling of Double-Layer Triangular Microchannel Heat Sink Based on Thermal Resistance Network and Multivariate Structural Optimization Using Firefly Algorithm},
  shorttitle = {🔤{{建模双层三角微通道散热器基于热阻力网络和使用Firefly算法的多元结构优化}}，使用萤火虫算法},
  author = {{Guojie Liu} and {Bin Zhang} and {Yunliang Zhang} and {Chunsheng Guo}},
  year = {2020},
  month = feb,
  journal = {Numerical Heat Transfer, Part B: Fundamentals},
  doi = {10.1080/10407790.2020.1717834}
}

@article{ha_mohammed_numerical_2011,
  title = {Numerical Simulation of Heat Transfer Enhancement in Wavy Microchannel Heat Sink},
  shorttitle = {🔤波波微通道散热器中传热增强的数值模拟},
  author = {{H.A. Mohammed} and {P. Gunnasegaran} and {N.H. Shuaib}},
  year = {2011},
  month = jan,
  journal = {International Communications in Heat and Mass Transfer},
  doi = {10.1016/j.icheatmasstransfer.2010.09.012},
  lccn = {5.683},
  annotation = {JCR: Q1 中科院大类分区: 工程技术2区 中科院小类分区: 热力学2区  力学2区  

影响因子: 5.683 5年影响因子: 5.982}
}

@article{haluk_anil_kose_parametric_2022,
  title = {Parametric Study and Optimization of Microchannel Heat Sinks with Various Shapes},
  shorttitle = {🔤参数研究和优化微通道散热器的各种形状},
  author = {{Haluk Anil Kose} and {Alperen Yildizeli} and {Sertac Cadirci}},
  year = {2022},
  month = apr,
  journal = {Applied Thermal Engineering},
  doi = {10.1016/j.applthermaleng.2022.118368},
  lccn = {5.295},
  annotation = {JCR: Q1/Q2 中科院大类分区: 工程技术2区 Top 中科院小类分区: 热力学2区  能源与燃料2区  工程：机械2区  力学2区  

影响因子: 5.295 5年影响因子: 5.175}
}

@article{he_thermal_2021,
  title = {{Thermal management and temperature uniformity enhancement of electronic devices by micro heat sinks: A review}},
  shorttitle = {{Thermal management and temperature uniformity enhancement of electronic devices by micro heat sinks}},
  author = {He, Ziqiang},
  year = {2021},
  month = feb,
  journal = {Energy},
  volume = {216},
  pages = {119223},
  publisher = {{Pergamon}},
  issn = {0360-5442},
  doi = {10.1016/j.energy.2020.119223},
  copyright = {6.8449},
  language = {zh-CN},
  lccn = {7.1467}
}

@article{helin_wang_study_2022,
  title = {{{STUDY ON THE HEAT TRANSFER CHARACTERISTICS OF MICROCHANNEL HEAT SINK WITH CANTOR FRACTAL STRUCTURE}}},
  shorttitle = {🔤研究微通道散热器的传热特性与康托尔分形结构},
  author = {{HELIN WANG} and {CHENGBAI WU} and {YONGBIAO MA} and {XUEYE CHEN}},
  year = {2022},
  month = apr,
  journal = {Surface Review and Letters},
  doi = {10.1142/s0218625x22500779},
  lccn = {1.152},
  annotation = {JCR: Q4 中科院大类分区: 材料科学4区 中科院小类分区: 物理化学4区  物理：凝聚态物理4区  

影响因子: 1.152 5年影响因子: 1.017}
}

@article{hongwei_li_effects_2022,
  title = {Effects of Inclination Angle and Heat Power on Heat Transfer Behavior of Flat Heat Pipe with Bionic Grading Microchannels},
  shorttitle = {🔤倾斜角和热力的影响对使用仿生管的平坦热管的传热行为},
  author = {{Hongwei Li} and {Jian Ren} and {Dandan Yin} and {Guolong Lu} and {Changhe Du} and {Xu Jin} and {Yuting Jia}},
  year = {2022},
  month = jan,
  journal = {Applied Thermal Engineering},
  doi = {10.1016/j.applthermaleng.2022.118079},
  lccn = {5.295},
  annotation = {JCR: Q1/Q2 中科院大类分区: 工程技术2区 Top 中科院小类分区: 热力学2区  能源与燃料2区  工程：机械2区  力学2区  

影响因子: 5.295 5年影响因子: 5.175}
}

@article{hotchandani_thermo-hydraulic_2021,
  title = {Thermo-Hydraulic Characteristics of Novel {{MEMS}} Heat Sink},
  shorttitle = {🔤{{新型MEMS散热器的热湿度特性}}},
  author = {Hotchandani, Vaibhav and Mathew, Bobby and Yesudasan, Sumith and Chacko, Sibi},
  year = {2021},
  month = jan,
  journal = {Microsystem Technologies},
  volume = {27},
  number = {1},
  pages = {145--157},
  issn = {1432-1858},
  doi = {10.1007/s00542-020-04933-3},
  language = {en}
}

@article{hotta_review_2018,
  title = {A {{REVIEW ON COOLING OF DISCRETE HEATED MODULES USING LIQUID JET IMPINGEMENT}}},
  shorttitle = {🔤使用液体喷气机撞击冷却离散加热模块的评论},
  author = {Hotta, Tapano and Patil, Naveen},
  year = {2018},
  month = apr,
  journal = {Frontiers in Heat and Mass Transfer (FHMT)},
  volume = {11},
  number = {0}
}

@inproceedings{huang_analysis_2018,
  title = {Analysis of {{Warpage}} and {{Stress Behavior}} in a {{Fine Pitch Multi-Chip Interconnection}} with {{Ultrafine-Line Organic Substrate}} (2.{{1D}})},
  booktitle = {2018 {{IEEE}} 68th {{Electronic Components}} and {{Technology Conference}} ({{ECTC}})},
  author = {Huang, Chen-Yu and Hsu, Yuan-Hung and Lu, Ying-Ju and Yu, Kuo-Hua and Tsai, Wen-Shan and Lin, Chang-Fu and Chung, C. Key},
  year = {2018},
  pages = {631--637},
  issn = {2377-5726},
  doi = {10.1109/ECTC.2018.00100}
}

@article{huang_heat_2021,
  title = {Heat {{Dissipation Derivation}} and {{Optimization}} of the {{Fan-Out}} 3-{{D Package Model}}},
  author = {Huang, Jinfeng and He, Zhenzhi and Gutierrez, Hector and Zhao, Libo and Lu, Xiangning},
  year = {2021},
  month = sep,
  journal = {IEEE Transactions on Components, Packaging and Manufacturing Technology},
  volume = {11},
  number = {9},
  pages = {1461--1470},
  issn = {2156-3985},
  doi = {10.1109/TCPMT.2021.3103098}
}

@article{huang_secondary_2021,
  title = {Secondary Heat Transfer Enhancement Design of Variable Cross-Section Microchannels Based on Entransy Analysis},
  shorttitle = {🔤基于进入分析的可变横截面微通道的次级传热增强设计},
  author = {Huang, Pingnan and Pan, Minqiang},
  year = {2021},
  month = may,
  journal = {Renewable and Sustainable Energy Reviews},
  volume = {141},
  pages = {110834},
  issn = {1364-0321},
  doi = {10.1016/j.rser.2021.110834},
  language = {en}
}

@article{hui_xiao_conjugate_2020,
  title = {Conjugate Heat Transfer Enhancement in the Mini-Channel Heat Sink by Realizing the Optimized Flow Pattern},
  shorttitle = {🔤通过实现优化的流动模式，在迷你通道散热器中的共轭传热增强},
  author = {{Hui Xiao} and {Zhichun Liu} and {Wei Liu}},
  year = {2020},
  month = oct,
  journal = {Applied Thermal Engineering},
  doi = {10.1016/j.applthermaleng.2020.116131},
  lccn = {5.295},
  annotation = {JCR: Q1/Q2 中科院大类分区: 工程技术2区 Top 中科院小类分区: 热力学2区  能源与燃料2区  工程：机械2区  力学2区  

影响因子: 5.295 5年影响因子: 5.175}
}

@article{jamshidmofid_thermohydraulic_2022,
  title = {Thermohydraulic Assessment of a Novel Hybrid Nanofluid Containing Cobalt Oxide-Decorated Reduced Graphene Oxide Nanocomposite in a Microchannel Heat Sink with Sinusoidal Cavities and Rectangular Ribs},
  shorttitle = {🔤热氢化评估的热杂种纳米流体含有氧化钴装饰的含氧化石墨烯氧化石墨烯纳米复合材料，在带正弦腔和矩形肋骨的微通道散热器中},
  author = {Jamshidmofid, Mohammad and Bahiraei, Mehdi},
  year = {2022},
  month = feb,
  journal = {International Communications in Heat and Mass Transfer},
  volume = {131},
  pages = {105769},
  issn = {0735-1933},
  doi = {10.1016/j.icheatmasstransfer.2021.105769},
  copyright = {6.390},
  language = {en},
  lccn = {6.782}
}

@article{jian-yi_liang_design_2021,
  title = {Design of an {{Integrated Heat Dissipation Mechanism}} for a {{Quad Transmit Receive Module}} of {{Array Radar}}},
  shorttitle = {🔤设计集成耗散机制，对四倍传输接收机制的设计，歧管区域参数对歧管的水热性能的影响阵列雷达的模块},
  author = {{Jian-Yi Liang} and {Yung-Lung Lee} and {Shih-Wei Mao} and {Ming-Da Tsai}},
  year = {2021},
  month = jul,
  journal = {Applied Sciences},
  doi = {10.3390/app11157054}
}

@article{jiandong_zhou_efficient_2020,
  title = {An Efficient Method for the Geometric Parameters Optimization of Double-Layer Micro-Channel Heat Sink},
  shorttitle = {🔤{{几何PAR的有效方法双层微通道散热器的优化量781}}},
  author = {{Jiandong Zhou} and {Meibing Hu} and {Dengwei Jing}},
  year = {2020},
  month = apr,
  journal = {Numerical Heat Transfer, Part A: Applications},
  doi = {10.1080/10407782.2020.1746570}
}

@article{jianhua_xiang_heat_2022,
  title = {Heat {{Transfer Performance}} and {{Structural Optimization}} of a {{Novel Micro-channel Heat Sink}}},
  shorttitle = {🔤新型微通道散热器的传热性能和结构优化},
  author = {{Jianhua Xiang} and {Liangming Deng} and {Chao Zhou} and {Hongliang Zhao} and {Jiale Huang} and {Sulian Tao}},
  year = {2022},
  month = apr,
  journal = {Chinese Journal of Mechanical Engineering},
  doi = {10.1186/s10033-022-00704-5},
  lccn = {1.936},
  annotation = {JCR: Q3 中科院大类分区: 工程技术3区 中科院小类分区: 工程：机械3区  

影响因子: 1.936 5年影响因子: 1.889 CSCD: C类 北大核心: 否 科技核心: 是

复合影响因子:  综合影响因子: 

JCR: Q3 中科院大类分区: 工程技术3区 中科院小类分区: 工程：机械3区}
}

@article{jie_gao_fluid_2022,
  title = {Fluid Flow and Heat Transfer in Microchannel Heat Sinks: {{Modelling}} Review and Recent Progress},
  shorttitle = {🔤流体流动和微通道散热器中的热传递：建模和最新进度},
  author = {{Jie Gao} and {Zhuohuan Hu} and {Qiguo Yang} and {Xing Liang} and {Hongwei Wu}},
  year = {2022},
  month = jan,
  journal = {Thermal Science and Engineering Progress},
  doi = {10.1016/j.tsep.2022.101203}
}

@article{john_carlo_s_garcia_multiobjective_2021,
  title = {Multiobjective Geometry Optimization of Microchannel Heat Exchanger Using Real-Coded Genetic Algorithm},
  shorttitle = {🔤使用实编码的遗传算法对微通道热交换器进行多目标几何优化，},
  author = {{John Carlo S. Garcia} and {Hiroki Tanaka} and {Niccolo Giannetti} and {Yuichi Sei} and {Kiyoshi Saito} and {Mamoru Houfuku} and {Ryoichi Takafuji}},
  year = {2021},
  month = nov,
  journal = {Applied Thermal Engineering},
  doi = {10.1016/j.applthermaleng.2021.117821},
  lccn = {5.295},
  annotation = {JCR: Q1/Q2 中科院大类分区: 工程技术2区 Top 中科院小类分区: 热力学2区  能源与燃料2区  工程：机械2区  力学2区  

影响因子: 5.295 5年影响因子: 5.175}
}

@article{johnny_adukwu_ebaika_microchannel_2022,
  title = {Microchannel Flow and Heat Transfer Enhancement via Ribs Arrangements},
  shorttitle = {🔤微通道流量和通过肋骨布置增强的微通道流量和热传递增强，},
  author = {{Johnny Adukwu Ebaika} and {S. Z. Shuja} and {B. S. Yilbas} and {H. Al-Qahtani}},
  year = {2022},
  month = feb,
  journal = {Thermal and hydraulic performance enhancement of microchannel heat sinks utilizing porous substrates},
  doi = {10.1177/09544089221080085},
  copyright = {1.4929},
  lccn = {1.6202},
  annotation = {工程：机械	4 区}
}

@article{kan_wang_leakage-aware_2011,
  title = {Leakage-{{Aware TSV-Planning}} with {{Power-Temperature-Delay Dependence}} in {{3D ICs}}},
  shorttitle = {🔤泄漏 - {{感知的TSV计划}}，使用功率 - 温度 - {{依赖依赖3D ICS}}},
  author = {{Kan WANG} and {Sheqin DONG} and {Yuchun MA} and {Yu WANG} and {Xianlong HONG} and {Jason CONG}},
  year = {2011},
  month = jan,
  journal = {IEICE Transactions on Fundamentals of Electronics, Communications and Computer Sciences},
  doi = {10.1587/transfun.e94.a.2490}
}

@article{kandlikar_evaluation_2007,
  title = {Evaluation of {{Jet Impingement}}, {{Spray}} and {{Microchannel Chip Cooling Options}} for {{High Heat Flux Removal}}},
  shorttitle = {🔤射流撞击，喷雾和微通道芯片冷却选项的评估，用于清除高热量},
  author = {Kandlikar, Satish G. and Bapat, Akhilesh V.},
  year = {2007},
  month = nov,
  journal = {Heat Transfer Engineering},
  volume = {28},
  number = {11},
  pages = {911--923},
  publisher = {{Taylor \& Francis}},
  issn = {0145-7632},
  doi = {10.1080/01457630701421703},
  lccn = {2.172},
  annotation = {\_eprint: https://doi.org/10.1080/01457630701421703}
}

@article{kandlikar_evolution_2003,
  title = {Evolution of {{Microchannel Flow Passages}}\textendash{{Thermohydraulic Performance}} and {{Fabrication Technology}}},
  author = {Kandlikar, Satish G. and Grande, William J.},
  year = {2003},
  month = jan,
  journal = {Heat Transfer Engineering},
  volume = {24},
  number = {1},
  pages = {3--17},
  publisher = {{Taylor \& Francis}},
  issn = {0145-7632},
  doi = {10.1080/01457630304040},
  lccn = {4},
  annotation = {\_eprint: https://doi.org/10.1080/01457630304040}
}

@article{krishan_kumar_circular_2020,
  title = {Circular {{Microchannel Heat Sink Optimization Using Entropy Generation Minimization Method}}},
  shorttitle = {🔤圆形微通道散热器，使用熵生成最小化方法优化},
  author = {{Krishan Kumar} and {Rajan Kumar} and {Rabinder Singh Bharj}},
  year = {2020},
  month = oct,
  journal = {Journal of Non-Equilibrium Thermodynamics},
  doi = {10.1515/jnet-2019-0086},
  lccn = {3.328},
  annotation = {JCR: Q2 中科院大类分区: 工程技术3区 中科院小类分区: 热力学3区  力学3区  

影响因子: 3.328 5年影响因子: 2.511}
}

@article{lau_hybrid_2021,
  title = {Hybrid {{Substrate}} by {{Fan-Out RDL-First Panel-Level Packaging}}},
  author = {Lau, John H. and Chen, Gary Chang-Fu and Huang, Jones Yu-Cheng and Chou, Ricky Tsun-Sheng and Yang, Channing Cheng-Lin and Liu, Hsing-Ning and Tseng, Tzyy-Jang},
  year = {2021},
  journal = {IEEE Transactions on Components, Packaging and Manufacturing Technology},
  volume = {11},
  number = {8},
  pages = {1301--1309},
  issn = {2156-3985},
  doi = {10.1109/TCPMT.2021.3096786}
}

@article{lau_recent_2022,
  title = {Recent {{Advances}} and {{Trends}} in {{Advanced Packaging}}},
  author = {Lau, John H.},
  year = {2022},
  journal = {IEEE Transactions on Components, Packaging and Manufacturing Technology},
  volume = {12},
  number = {2},
  pages = {228--252},
  issn = {2156-3985},
  doi = {10.1109/TCPMT.2022.3144461}
}

@article{lei_chai_thermohydraulic_2018,
  title = {Thermohydraulic Performance of Microchannel Heat Sinks with Triangular Ribs on Sidewalls \textendash{} {{Part}} 1: {{Local}} Fluid Flow and Heat Transfer Characteristics},
  shorttitle = {🔤微通道散热器的热液压性能，侧壁上有三角肋骨 - 第1部分：局部流体流动和热传递特性},
  author = {{Lei Chai} and {Liang Wang} and {Xin Bai}},
  year = {2018},
  month = dec,
  journal = {International Journal of Heat and Mass Transfer},
  doi = {10.1016/j.ijheatmasstransfer.2018.08.114},
  lccn = {5.584},
  annotation = {JCR: Q1 中科院大类分区: 工程技术2区 Top 中科院小类分区: 热力学1区  工程：机械2区  力学2区  

影响因子: 5.584 5年影响因子: 5.248}
}

@article{lei_chai_thermohydraulic_2019,
  title = {Thermohydraulic Performance of Microchannel Heat Sinks with Triangular Ribs on Sidewalls \textendash{} {{Part}} 2: {{Average}} Fluid Flow and Heat Transfer Characteristics},
  shorttitle = {🔤微通道散热器在侧壁上用三角形肋骨的热液性能 - 第2部分：平均流体流量和传热特性},
  author = {{Lei Chai} and {Liang Wang} and {Xin Bai}},
  year = {2019},
  month = jan,
  journal = {International Journal of Heat and Mass Transfer},
  doi = {10.1016/j.ijheatmasstransfer.2018.09.027},
  lccn = {5.584},
  annotation = {JCR: Q1 中科院大类分区: 工程技术2区 Top 中科院小类分区: 热力学1区  工程：机械2区  力学2区  

影响因子: 5.584 5年影响因子: 5.248}
}

@article{leitao_3dgongxing_2022,
  title = {{基于3D打印的曲面共形天线液冷板设计与制造技术}},
  author = {{雷涛} and {刘秀利} and {魏恺文}},
  year = {2022},
  journal = {机械设计与制造工程},
  volume = {51},
  number = {1},
  pages = {42--47},
  issn = {2095-509X},
  language = {zh-CN}
}

@inproceedings{li_3d_2016,
  title = {{{3D SiP}} with {{Organic Interposer}} for {{ASIC}} and {{Memory Integration}}},
  booktitle = {2016 {{IEEE}} 66th {{Electronic Components}} and {{Technology Conference}} ({{ECTC}})},
  author = {Li, Li and Chia, Pierre and Ton, Paul and Nagar, Mohan and Patil, Sada and Xue, Jie and Delacruz, Javier and Voicu, Marius and Hellings, Jack and Isaacson, Bill and Coor, Mark and Havens, Ross},
  year = {2016},
  pages = {1445--1450},
  doi = {10.1109/ECTC.2016.246}
}

@article{li_application_2020,
  title = {Application of Entransy Theory on Structure Optimization of Serrated Fin in Plate-Fin Heat Exchanger},
  shorttitle = {🔤进入式鳍片在板鳍热交换器中的锯齿鳍的结构优化方面的应用},
  author = {Li, Ke and Wen, Jian and Liu, Yuce and Liu, Huaqing and Wang, Simin and Tu, Jiyuan},
  year = {2020},
  month = jun,
  journal = {Applied Thermal Engineering},
  volume = {173},
  pages = {114809},
  issn = {1359-4311},
  doi = {10.1016/j.applthermaleng.2019.114809},
  copyright = {5.1750},
  language = {en},
  lccn = {5.2953}
}

@article{lingen_chen_constructal_2018,
  title = {Constructal {{Optimizations}} for {{Heat}} and {{Mass Transfers Based}} on the {{Entransy Dissipation Extremum Principle}}, {{Performed}} at the {{Naval University}} of {{Engineering}}; a {{Review}}},
  shorttitle = {🔤{{热和MAS的构造优化基于海军工程大学进行的基于进入的耗散原则的S转移}}；评论},
  author = {{Lingen Chen} and {Qinghua Xiao} and {Huijun Feng}},
  year = {2018},
  month = jan,
  journal = {Entropy},
  doi = {10.3390/e20010074},
  lccn = {2.524},
  annotation = {JCR: Q2 中科院大类分区: 物理与天体物理3区 中科院小类分区: 物理：综合3区  

影响因子: 2.524 5年影响因子: 2.587}
}

@article{liu_effects_2019,
  title = {Effects of Structural Parameters on Fluid Flow and Heat Transfer in a Serpentine Microchannel with Fan-Shaped Reentrant Cavities},
  shorttitle = {🔤结构参数对流体流动和热传递的影响带有风扇形的再入侵腔的五旬节微通道},
  author = {Liu, Xianfei and Zhang, Hui and Zhu, Caixia and Wang, Fang and Li, Zhiqiang},
  year = {2019},
  month = mar,
  journal = {Applied Thermal Engineering},
  volume = {151},
  pages = {406--416},
  issn = {1359-4311},
  doi = {10.1016/j.applthermaleng.2019.02.033},
  copyright = {5.906},
  language = {en},
  lccn = {6.465}
}

@article{lu_hotspot_2021,
  title = {Hotspot Thermal Management in Microchannel Heat Sinks with Vortex Generators},
  author = {Lu, Gaofeng and Yang, Jianrong and Zhai, Xiaoqiang and Wang, Xiaolin},
  year = {2021},
  month = mar,
  journal = {International Journal of Thermal Sciences},
  volume = {161},
  pages = {106727},
  issn = {1290-0729},
  doi = {10.1016/j.ijthermalsci.2020.106727},
  language = {en},
  lccn = {2}
}

@article{lv_2021,
  title = {{冲击射流冷却高功率电子元件的试验研究}},
  author = {{吕静} and {黄伶俐} and {刘洪芝} and {吕艈昶}},
  year = {2021},
  journal = {流体机械},
  volume = {49},
  number = {6},
  pages = {1--8},
  issn = {1005-0329},
  language = {zh-CN},
  annotation = {{$<$}北大核心, CSCD{$>$}}
}

@article{lyu_experimental_2019,
  title = {Experimental Investigation on Convective Heat Transfer Induced by Piston-Driven Synthetic Jet with a Transmission Pipe},
  shorttitle = {🔤通过传输管道诱导的对流传热的实验研究},
  author = {Lyu, Yuan-wei and Zhang, Jing-zhou and Liu, Xi-chen and Tan, Xiao-ming},
  year = {2019},
  month = jun,
  journal = {Experimental Thermal and Fluid Science},
  volume = {104},
  pages = {26--42},
  issn = {0894-1777},
  doi = {10.1016/j.expthermflusci.2019.02.003},
  language = {en},
  lccn = {3.232}
}

@inproceedings{markov_thermal_2006,
  title = {Thermal {{Characterisation}} of {{LTCC Frontend Modules}} with {{Integrated Power Amplifiers}} for {{Wireless LAN Application}}},
  shorttitle = {🔤{{LTCC前端模块的热表征}}，{{具有用于无线LAN应用的集成功率放大器}}},
  booktitle = {2006 {{European Microwave Integrated Circuits Conference}}},
  author = {Markov, Kostyantyn and Keiler, Torsten and Chernyakov, Alexander and Curtin, Ciaran and Heide, Patric},
  year = {2006},
  month = sep,
  pages = {548--551},
  publisher = {{IEEE}},
  address = {{Manchester, UK}},
  doi = {10.1109/EMICC.2006.282705},
  isbn = {978-2-9600551-8-4},
  language = {en}
}

@article{marshall_3d_2022,
  title = {{{3D}} Topology Optimisation of Liquid-Cooled Microchannel Heat Sinks},
  author = {Marshall, Samuel D. and Lee, Poh Seng},
  year = {2022},
  month = aug,
  journal = {Thermal Science and Engineering Progress},
  volume = {33},
  pages = {101377},
  issn = {2451-9049},
  doi = {10.1016/j.tsep.2022.101377},
  language = {en}
}

@article{mateusz_mieczkowski_optimization_2021,
  title = {Optimization of a Microchannel Heat Sink Using Entropy Minimization and Genetic Aggregation Algorithm},
  shorttitle = {🔤使用熵最小化和遗传聚集算法优化微通道散热器，671},
  author = {{Mateusz Mieczkowski} and {Piotr Furma\'nski} and {Piotr \L apka}},
  year = {2021},
  month = mar,
  journal = {Applied Thermal Engineering},
  doi = {10.1016/j.applthermaleng.2021.116840},
  lccn = {5.295},
  annotation = {JCR: Q1/Q2 中科院大类分区: 工程技术2区 Top 中科院小类分区: 热力学2区  能源与燃料2区  工程：机械2区  力学2区  

影响因子: 5.295 5年影响因子: 5.175}
}

@article{maziar_dehghan_enhancing_2015,
  title = {Enhancing Heat Transfer in Microchannel Heat Sinks Using Converging Flow Passages},
  shorttitle = {🔤使用收敛流通道增强微通道散热器的传热},
  author = {{Maziar Dehghan} and {Mahdi Daneshipour} and {Mohammad Sadegh Valipour} and {Roohollah Rafee} and {Seyfolah Saedodin}},
  year = {2015},
  month = mar,
  journal = {Energy Conversion and Management},
  doi = {10.1016/j.enconman.2014.12.063},
  lccn = {9.709},
  annotation = {JCR: Q1 中科院大类分区: 工程技术1区 Top 中科院小类分区: 热力学1区  能源与燃料1区  力学1区  

影响因子: 9.709 5年影响因子: 8.954}
}

@article{maziar_dehghan_nanofluids_2018,
  title = {Nanofluids and Converging Flow Passages: {{A}} Synergetic Conjugate-Heat-Transfer Enhancement of Micro Heat Sinks},
  shorttitle = {🔤纳米流体和融合流通道：一种协同的结合热转移 - 微水槽增强},
  author = {{Maziar Dehghan} and {Mahdi Daneshipour} and {Mohammad Sadegh Valipour}},
  year = {2018},
  month = oct,
  journal = {International Communications in Heat and Mass Transfer},
  doi = {10.1016/j.icheatmasstransfer.2018.03.022},
  lccn = {5.683},
  annotation = {JCR: Q1 中科院大类分区: 工程技术2区 中科院小类分区: 热力学2区  力学2区  

影响因子: 5.683 5年影响因子: 5.982}
}

@article{meng_natural_2018,
  title = {Natural Convection Heat Transfer of a Straight-Fin Heat Sink},
  shorttitle = {🔤直鳍散热器的自然对流传热},
  author = {Meng, Xiangrui and Zhu, Jie and Wei, Xinli and Yan, Yuying},
  year = {2018},
  month = aug,
  journal = {International Journal of Heat and Mass Transfer},
  volume = {123},
  pages = {561--568},
  issn = {0017-9310},
  doi = {10.1016/j.ijheatmasstransfer.2018.03.002},
  language = {en},
  lccn = {5.584}
}

@article{mohammad_shamsoddini_lori_heat_2022,
  title = {Heat Transfer and Fluid Flow Analysis of Microchannel Heat Sinks with Periodic Vertical Porous Ribs},
  shorttitle = {🔤微通道散热器的热传递和流体流量分析，带有周期性垂直多孔肋骨},
  author = {{Mohammad Shamsoddini Lori} and {Kambiz Vafai}},
  year = {2022},
  month = jan,
  journal = {Applied Thermal Engineering},
  doi = {10.1016/j.applthermaleng.2022.118059},
  lccn = {5.295},
  annotation = {JCR: Q1/Q2 中科院大类分区: 工程技术2区 Top 中科院小类分区: 热力学2区  能源与燃料2区  工程：机械2区  力学2区  

影响因子: 5.295 5年影响因子: 5.175}
}

@article{mokhtari_moghari_two_2011,
  title = {Two Phase Mixed Convection {{Al2O3}}\textendash Water Nanofluid Flow in an Annulus},
  shorttitle = {🔤{{两相混合对流AL2O3-水环中的纳米流体流动中的流量}}},
  author = {Mokhtari Moghari, R. and Akbarinia, A. and Shariat, M. and Talebi, F. and Laur, R.},
  year = {2011},
  month = jul,
  journal = {International Journal of Multiphase Flow},
  volume = {37},
  number = {6},
  pages = {585--595},
  issn = {0301-9322},
  doi = {10.1016/j.ijmultiphaseflow.2011.03.008},
  copyright = {3.972},
  language = {en},
  lccn = {4.044}
}

@article{moore_cramming_1965,
  title = {Cramming More Components onto Integrated Circuits},
  author = {Moore, Gordon E},
  year = {1965},
  journal = {Proc IEEE},
  volume = {38},
  number = {8},
  pages = {6},
  language = {en}
}

@article{muhammed_emin_polat_multi-objective_2021,
  title = {Multi-Objective Optimization and Performance Assessment of Microchannel Heat Sinks with Micro Pin-Fins},
  shorttitle = {🔤多目标优化和微孔散热器的性能评估，用微引脚进行微针孔，用微针孔},
  author = {{Muhammed Emin Polat} and {Furkan Ulger} and {Sertac Cadirci}},
  year = {2021},
  month = dec,
  journal = {International Journal of Thermal Sciences},
  doi = {10.1016/j.ijthermalsci.2021.107432},
  lccn = {3.744},
  annotation = {JCR: Q1 中科院大类分区: 工程技术2区 中科院小类分区: 热力学2区  工程：机械2区  

影响因子: 3.744 5年影响因子: 3.876}
}

@article{nan_hu_narrow_2022,
  title = {A Narrow Shape Double-Layer Microchannel Heat Sink ({{DL-MCHS}}) Designed for High-Power Laser Crystal},
  shorttitle = {🔤狭窄形状的双层微通道散热器（{{DL-MCHS}}），设计用于高功率激光晶体},
  author = {{Nan Hu} and {Qinggong Wang} and {Shijie Liu} and {Junping Gu} and {Long Li} and {Junfu Lyu}},
  year = {2022},
  month = apr,
  journal = {Applied Thermal Engineering},
  doi = {10.1016/j.applthermaleng.2022.118456},
  lccn = {5.295},
  annotation = {JCR: Q1/Q2 中科院大类分区: 工程技术2区 Top 中科院小类分区: 热力学2区  能源与燃料2区  工程：机械2区  力学2区  

影响因子: 5.295 5年影响因子: 5.175}
}

@article{naqiuddin_overview_2018,
  title = {Overview of Micro-Channel Design for High Heat Flux Application},
  shorttitle = {🔤用于高热通量应用的微通道设计概述},
  author = {Naqiuddin, Nor Haziq and Saw, Lip Huat and Yew, Ming Chian and Yusof, Farazila and Ng, Tan Ching and Yew, Ming Kun},
  year = {2018},
  month = feb,
  journal = {Renewable and Sustainable Energy Reviews},
  volume = {82},
  pages = {901--914},
  issn = {13640321},
  doi = {10.1016/j.rser.2017.09.110},
  language = {en}
}

@article{nilpueng_effect_2021,
  title = {Effect of Pin Fin Configuration on Thermal Performance of Plate Pin Fin Heat Sinks},
  shorttitle = {🔤{{PIN FIN配置对板引脚散热器的热性能的影响}}},
  author = {Nilpueng, Kitti and Mesgarpour, Mehrdad and Asirvatham, Lazarus Godson and Dalk{\i}l{\i}{\c c}, Ahmet Selim and Ahn, Ho Seon and Mahian, Omid and Wongwises, Somchai},
  year = {2021},
  month = oct,
  journal = {Case Studies in Thermal Engineering},
  volume = {27},
  pages = {101269},
  issn = {2214-157X},
  doi = {10.1016/j.csite.2021.101269},
  copyright = {4.7003},
  language = {en},
  lccn = {4.7239}
}

@article{nima_ghorbani_investigation_2022,
  title = {Investigation of Wavy Microchannel Ability on Electronic Devices Cooling with the Case Study of Choosing the Most Efficient Microchannel Pattern},
  shorttitle = {🔤通过选择最有效的微通道图案的案例研究，对电子设备冷却的波浪微通道能力的研究},
  author = {{Nima Ghorbani} and {Mohammad Zabetian Targhi} and {Mohammad Mahdi Heyhat} and {Yousef Alihosseini}},
  year = {2022},
  month = apr,
  journal = {Scientific Reports},
  doi = {10.1038/s41598-022-09859-6},
  lccn = {4.379},
  annotation = {JCR: Q1 中科院大类分区: 综合性期刊3区 中科院小类分区: 综合性期刊3区  

影响因子: 4.380 5年影响因子: 5.134}
}

@article{nor_haziq_naqiuddin_numerical_2018,
  title = {Numerical Investigation for Optimizing Segmented Micro-Channel Heat Sink by {{Taguchi-Grey}} Method},
  shorttitle = {🔤数值研究，用于优化分割的微型计算机散热器。 Taguchi-Grey方法},
  author = {{Nor Haziq Naqiuddin} and {Lip Huat Saw} and {Ming Chian Yew} and {Farazila Yusof} and {Hiew Mun Poon} and {Zuansi Cai} and {Hui San Thiam}},
  year = {2018},
  month = apr,
  journal = {Applied Energy},
  doi = {10.1016/j.apenergy.2018.03.186},
  lccn = {9.746},
  annotation = {JCR: Q1 中科院大类分区: 工程技术1区 Top 中科院小类分区: 能源与燃料1区  工程：化工1区  

影响因子: 9.746 5年影响因子: 9.953}
}

@article{pan_numerical_2018,
  title = {Numerical Investigation of Fluid Flow and Heat Transfer in a Plate Microchannel Heat Exchanger with Isosceles Trapezoid-Shaped Reentrant Cavities in the Sidewall},
  shorttitle = {🔤1524},
  author = {Pan, Minqiang and Zhong, Yujian and Xu, Yufeng},
  year = {2018},
  month = sep,
  journal = {Chemical Engineering and Processing - Process Intensification},
  volume = {131},
  pages = {178--189},
  issn = {0255-2701},
  doi = {10.1016/j.cep.2018.07.018},
  copyright = {4.353},
  language = {en},
  lccn = {4.264}
}

@article{patil_combined_2022,
  title = {A {{Combined Liquid Cold Plate}} and {{Heat Sink Based Hybrid Cooling Approach}} for the {{Temperature Control}} of {{Integrated Circuit Chips}}},
  shorttitle = {🔤液体冷板和散热器的混合冷却方法，用于集成电路芯片的温度控制},
  author = {Patil, Naveen G and Hotta, Tapano Kumar},
  year = {2022},
  month = jun,
  journal = {Journal of Thermal Science and Engineering Applications},
  pages = {1--32},
  issn = {1948-5085},
  doi = {10.1115/1.4054849},
  copyright = {1.754},
  lccn = {1.879}
}

@article{patil_heat_2020,
  title = {Heat {{Transfer Characteristics}} of {{High Heat Generating Integrated Circuit Chips Cooled Using Liquid Cold Plate}}\textemdash{{A Combined Numerical}} and {{Experimental Study}}},
  shorttitle = {🔤使用液体冷板冷却的高热产生整合电路芯片的传热特性 - 一项联合数值和实验研究},
  author = {Patil, Naveen G. and Hotta, Tapano Kumar},
  year = {2020},
  month = aug,
  journal = {Journal of Thermal Science and Engineering Applications},
  volume = {13},
  number = {1},
  issn = {1948-5085},
  doi = {10.1115/1.4047564},
  copyright = {1.754},
  lccn = {1.879}
}

@article{peisheng_li_effect_2022,
  title = {Effect of {{Waveform Channel}} on the {{Cooling Performance}} of {{Hybrid Microchannel}}},
  shorttitle = {🔤波形通道对混合微通道冷却性能的影响},
  author = {{Peisheng Li} and {Jian Hong} and {Ying Zhang} and {Xuhui Huang} and {Wanyi Lin} and {Meng Xu}},
  year = {2022},
  month = jan,
  journal = {Journal of Thermophysics and Heat Transfer},
  doi = {10.2514/1.t6399},
  lccn = {1.711},
  annotation = {JCR: Q3 中科院大类分区: 工程技术4区 中科院小类分区: 热力学4区  工程：机械4区  

影响因子: 1.711 5年影响因子: 1.536}
}

@article{pham-gia_mean_2001,
  title = {The Mean and Median Absolute Deviations},
  author = {{Pham-Gia}, T. and Hung, T. L.},
  year = {2001},
  month = oct,
  journal = {Mathematical and Computer Modelling},
  volume = {34},
  number = {7},
  pages = {921--936},
  issn = {0895-7177},
  doi = {10.1016/S0895-7177(01)00109-1},
  language = {en}
}

@article{ping_li_heat_2020,
  title = {Heat Transfer Enhancement in Microchannel Heat Sinks with Dual Split-Cylinder and Its Intelligent Algorithm Based Fast Optimization},
  shorttitle = {🔤用双拆分缸及其基于智能算法的快速优化的微通道散热器的传热增强},
  author = {{Ping Li} and {Dingzhang Guo} and {Xinyue Huang}},
  year = {2020},
  month = feb,
  journal = {Applied Thermal Engineering},
  doi = {10.1016/j.applthermaleng.2020.115060},
  lccn = {5.295},
  annotation = {JCR: Q1/Q2 中科院大类分区: 工程技术2区 Top 中科院小类分区: 热力学2区  能源与燃料2区  工程：机械2区  力学2区  

影响因子: 5.295 5年影响因子: 5.175}
}

@article{ping_li_heat_2020-1,
  title = {Heat Transfer Enhancement, Entropy Generation and Temperature Uniformity Analyses of Shark-Skin Bionic Modified Microchannel Heat Sink},
  shorttitle = {🔤传热增强，增强，熵的生成和温度均匀性分析的鲨鱼皮式修饰的微通道散热器},
  author = {{Ping Li} and {Dingzhang Guo} and {Xinyue Huang}},
  year = {2020},
  month = jan,
  journal = {International Journal of Heat and Mass Transfer},
  doi = {10.1016/j.ijheatmasstransfer.2019.118846},
  lccn = {5.584},
  annotation = {JCR: Q1 中科院大类分区: 工程技术2区 Top 中科院小类分区: 热力学1区  工程：机械2区  力学2区  

影响因子: 5.584 5年影响因子: 5.248}
}

@article{qi_2022,
  title = {{高热流密度电子设备液冷技术研究进展}},
  author = {{齐文亮} and {赵亮} and {王婉人} and {刘琦}},
  year = {2022},
  journal = {科学技术与工程},
  volume = {22},
  number = {11},
  pages = {4261--4270},
  issn = {1671-1815},
  language = {zh-CN},
  annotation = {{$<$}北大核心{$>$}}
}

@article{qi_effect_2022,
  title = {Effect of Rib Diameter on Flow Boiling Heat Transfer with Staggered Rib Arrays in a Heat Sink},
  shorttitle = {🔤裂纹直径对流动式肋骨阵列在散热器中的流动热传递的影响},
  author = {Qi, Di and He, Jing and Xu, Yongsheng and Lin, Mei and Wang, Qiuwang},
  year = {2022},
  month = jan,
  journal = {Energy},
  volume = {239},
  pages = {122323},
  issn = {0360-5442},
  doi = {10.1016/j.energy.2021.122323},
  copyright = {8.234},
  language = {en},
  lccn = {8.857}
}

@article{qian_heatsink_2020,
  title = {Heatsink {{Antenna Array}} for {{Millimeter-Wave Applications}}},
  author = {Qian, Jiawei and Tang, Min and Zhang, Yao-Ping and Mao, Junfa},
  year = {2020},
  journal = {IEEE Transactions on Antennas and Propagation},
  volume = {68},
  number = {11},
  pages = {7664--7669},
  issn = {1558-2221},
  doi = {10.1109/TAP.2020.2979194},
  copyright = {5.0046},
  lccn = {4.8242}
}

@article{qiu_numerical_2021,
  title = {Numerical Investigation of Flow Boiling Characteristics in Cobweb-Shaped Microchannel Heat Sink},
  shorttitle = {🔤蜘蛛网形的微通道散热器中流动沸腾特性的数值研究},
  author = {Qiu, Juncheng and Zhou, Jianhong and Zhao, Qi and Qin, Hanshi and Chen, Xuemei},
  year = {2021},
  month = dec,
  journal = {Case Studies in Thermal Engineering},
  volume = {28},
  pages = {101677},
  issn = {2214-157X},
  doi = {10.1016/j.csite.2021.101677},
  copyright = {5.842},
  language = {en},
  lccn = {6.268}
}

@article{qu_experimental_2002,
  title = {Experimental and Numerical Study of Pressure Drop and Heat Transfer in a Single-Phase Micro-Channel Heat Sink},
  author = {Qu, Weilin and Mudawar, Issam},
  year = {2002},
  month = jun,
  journal = {International Journal of Heat and Mass Transfer},
  volume = {45},
  number = {12},
  pages = {2549--2565},
  issn = {0017-9310},
  doi = {10.1016/S0017-9310(01)00337-4},
  language = {en},
  lccn = {2}
}

@article{rajalingam_a_effect_2020,
  title = {Effect of Micro-Structures in a Microchannel Heat Sink \textendash{} {{A}} Comprehensive Study},
  shorttitle = {🔤微通道散热器中微结构的效果 - 一项全面的研究},
  author = {{Rajalingam A} and {Shubhankar Chakraborty}},
  year = {2020},
  month = jun,
  journal = {International Journal of Heat and Mass Transfer},
  doi = {10.1016/j.ijheatmasstransfer.2020.119617},
  lccn = {5.584},
  annotation = {JCR: Q1 中科院大类分区: 工程技术2区 Top 中科院小类分区: 热力学1区  工程：机械2区  力学2区  

影响因子: 5.584 5年影响因子: 5.248}
}

@article{rajalingam_a_estimation_2022,
  title = {Estimation of the Thermohydraulic Performance of a Microchannel Heat Sink with Gradual and Sudden Variation of the Flow Passage},
  shorttitle = {🔤估计微通道散热器的热液能性能，并逐渐变化},
  author = {{Rajalingam A} and {Shubhankar Chakraborty}},
  year = {2022},
  month = mar,
  journal = {International Journal of Heat and Mass Transfer},
  doi = {10.1016/j.ijheatmasstransfer.2022.122776},
  lccn = {5.584},
  annotation = {JCR: Q1 中科院大类分区: 工程技术2区 Top 中科院小类分区: 热力学1区  工程：机械2区  力学2区  

影响因子: 5.584 5年影响因子: 5.248}
}

@article{rasouli_pitch_2018,
  title = {Pitch and Aspect Ratio Effects on Single-Phase Heat Transfer through Microscale Pin Fin Heat Sinks},
  shorttitle = {🔤俯仰和长宽比对单相热传递的影响通过显微镜销鳍散热器},
  author = {Rasouli, Erfan and Naderi, Cameron and Narayanan, Vinod},
  year = {2018},
  month = mar,
  journal = {International Journal of Heat and Mass Transfer},
  volume = {118},
  pages = {416--428},
  issn = {0017-9310},
  doi = {10.1016/j.ijheatmasstransfer.2017.10.105},
  copyright = {5.428},
  language = {en},
  lccn = {5.431}
}

@article{rostami_optimization_2022,
  title = {Optimization of {{Convective Heat Transfer}} in {{Microchannels Equipped}} by {{Porous Ribs}}},
  shorttitle = {🔤通过多孔肋骨配备的微通道中对流传热的优化},
  author = {{Rostami} and {Javad}},
  year = {2022},
  month = jan,
  journal = {Transport in Porous Media},
  doi = {10.1007/s11242-021-01727-7},
  lccn = {3.019},
  annotation = {JCR: Q2 中科院大类分区: 工程技术3区 中科院小类分区: 工程：化工3区  

影响因子: 3.019 5年影响因子: 2.914}
}

@article{sadique_heat_2022,
  title = {Heat Transfer Augmentation in Microchannel Heat Sink Using Secondary Flows: {{A}} Review},
  shorttitle = {Heat Transfer Augmentation in Microchannel Heat Sink Using Secondary Flows},
  author = {Sadique, Hussam and Murtaza, Qasim and {Samsher}},
  year = {2022},
  month = sep,
  journal = {International Journal of Heat and Mass Transfer},
  volume = {194},
  pages = {123063},
  issn = {0017-9310},
  doi = {10.1016/j.ijheatmasstransfer.2022.123063},
  language = {en},
  lccn = {2}
}

@article{service_coming_1998,
  title = {Coming {{Soon}}: {{The Pocket DNA Sequencer}}},
  shorttitle = {🔤即将推出：{{Pocket DNA音序器}}},
  author = {Service, Robert・F・},
  year = {1998},
  month = oct,
  journal = {Science},
  volume = {282},
  number = {5388},
  pages = {399--401},
  publisher = {{American Association for the Advancement of Science}},
  doi = {10.1126/science.282.5388.399},
  copyright = {59.924},
  lccn = {63.714}
}

@article{shi_geometry_2019,
  title = {Geometry Parameters Optimization for a Microchannel Heat Sink with Secondary Flow Channel},
  shorttitle = {🔤几何学参数优化了微型通道散热器，具有二级流量水槽},
  author = {Shi, Xiaojun and Li, Shan and Mu, Yingjie and Yin, Bangtao},
  year = {2019},
  month = may,
  journal = {International Communications in Heat and Mass Transfer},
  volume = {104},
  pages = {89--100},
  issn = {0735-1933},
  doi = {10.1016/j.icheatmasstransfer.2019.03.009},
  copyright = {6.390},
  language = {en},
  lccn = {6.782}
}

@article{shimizu_development_2013,
  title = {Development of {{Organic Multi Chip Package}} for {{High Performance Application}}},
  author = {Shimizu, Noriyoshi and Kaneda, Wataru and Arisaka, Hiromu and Koizumi, Naoyuki and Sunohara, Satoshi and Rokugawa, Akio and Koyama, Toshinori},
  year = {2013},
  month = jan,
  journal = {International Symposium on Microelectronics},
  volume = {2013},
  number = {1},
  pages = {000414--000414},
  issn = {2380-4505},
  doi = {10.4071/isom-2013-TP65},
  language = {en}
}

@article{singh_review_2021,
  title = {Review of Pool and Flow Boiling Heat Transfer Enhancement through Surface Modification},
  shorttitle = {🔤通过表面修饰回顾池和流量沸腾的传热增强},
  author = {Singh, Sudhir Kumar and Sharma, Deepak},
  year = {2021},
  month = dec,
  journal = {International Journal of Heat and Mass Transfer},
  volume = {181},
  pages = {122020},
  issn = {0017-9310},
  doi = {10.1016/j.ijheatmasstransfer.2021.122020},
  language = {en},
  lccn = {5.584}
}

@article{soleymani_performance_2020,
  title = {Performance Analysis of Hotspot Using Geometrical and Operational Parameters of a Microchannel Pin-Fin Hybrid Heat Sink},
  author = {Soleymani, Z. and Rahimi, M. and Gorzin, M. and Pahamli, Y.},
  year = {2020},
  month = oct,
  journal = {International Journal of Heat and Mass Transfer},
  volume = {159},
  pages = {120141},
  issn = {0017-9310},
  doi = {10.1016/j.ijheatmasstransfer.2020.120141},
  language = {en},
  lccn = {2}
}

@article{soleymani_performance_2020-1,
  title = {Performance Analysis of Hotspot Using Geometrical and Operational Parameters of a Microchannel Pin-Fin Hybrid Heat Sink},
  author = {Soleymani, Z. and Rahimi, M. and Gorzin, M. and Pahamli, Y.},
  year = {2020},
  month = oct,
  journal = {International Journal of Heat and Mass Transfer},
  volume = {159},
  pages = {120141},
  issn = {0017-9310},
  doi = {10.1016/j.ijheatmasstransfer.2020.120141},
  language = {en},
  lccn = {2}
}

@article{tan_heat_2019,
  title = {Heat Transfer Improvement in Microchannel Heat Sink by Topology Design and Optimization for High Heat Flux Chip Cooling},
  shorttitle = {🔤通过拓扑设计和优化高热通量芯片冷却，微通道散热器的传热改进},
  author = {Tan, Hui and Wu, Longwen and Wang, Mingyang and Yang, Zihao and Du, Pingan},
  year = {2019},
  month = feb,
  journal = {International Journal of Heat and Mass Transfer},
  volume = {129},
  pages = {681--689},
  issn = {00179310},
  doi = {10.1016/j.ijheatmasstransfer.2018.09.092},
  copyright = {5.2481},
  language = {en},
  lccn = {5.5839}
}

@article{tan_investigation_2021,
  title = {Investigation on the Temperature Distribution in the Two-Phase Spider Netted Microchannel Network Heat Sink with Non-Uniform Heat Flux},
  shorttitle = {🔤研究两相蜘蛛网中的温度分布，其净微通道网络散热器具有不均匀的热通量},
  author = {Tan, Hui and Du, Pingan and Zong, Kuan and Meng, Guangyao and Gao, Xin and Li, Yang},
  year = {2021},
  month = nov,
  journal = {International Journal of Thermal Sciences},
  volume = {169},
  pages = {107079},
  issn = {12900729},
  doi = {10.1016/j.ijthermalsci.2021.107079},
  copyright = {3.8758},
  language = {en},
  lccn = {3.7441}
}

@article{tian-hu_wang_optimization_2020,
  title = {Optimization of a Double-Layered Microchannel Heat Sink with Semi-Porous-Ribs by Multi-Objective Genetic Algorithm},
  shorttitle = {🔤通过多目标遗传算法优化使用半孔孔的双层微通道散热器},
  author = {{Tian-Hu Wang} and {Hao-Chi Wu} and {Jing-Hui Meng} and {Wei-Mon Yan}},
  year = {2020},
  month = mar,
  journal = {International Journal of Heat and Mass Transfer},
  doi = {10.1016/j.ijheatmasstransfer.2019.119217},
  lccn = {5.584},
  annotation = {JCR: Q1 中科院大类分区: 工程技术2区 Top 中科院小类分区: 热力学1区  工程：机械2区  力学2区  

影响因子: 5.584 5年影响因子: 5.248}
}

@article{ts_vincent_predicting_2008,
  title = {Predicting the {{Thermal Conductivity}} of {{Low Temperature Co-fired Ceramic}} with {{Embedded Thermal}} via {{Arrays}} Using the {{Rule-of-Mixtures}} and {{Interface Area Analytical Methods}}},
  shorttitle = {🔤使用混合规则和界面区域分析方法，通过阵列预测低温共同燃烧陶瓷的导热率},
  author = {{T.S. Vincent}},
  year = {2008},
  month = oct,
  journal = {Journal of Microelectronics and Electronic Packaging},
  doi = {10.4071/1551-4897-5.4.174}
}

@article{tuckerman_high-performance_1981,
  title = {High-Performance Heat Sinking for {{VLSI}}},
  author = {Tuckerman, D.B. and Pease, R.F.W.},
  year = {1981},
  journal = {IEEE Electron Device Letters},
  volume = {2},
  number = {5},
  pages = {126--129},
  issn = {1558-0563},
  doi = {10.1109/EDL.1981.25367},
  lccn = {2}
}

@inproceedings{uematsu_electrical_2017,
  title = {Electrical {{Transmission Properties}} of {{HBM Interface}} on 2.1-{{D System}} in {{Package Using Organic Interposer}}},
  booktitle = {2017 {{IEEE}} 67th {{Electronic Components}} and {{Technology Conference}} ({{ECTC}})},
  author = {Uematsu, Yutaka and Ushifusa, Nobuyuki and Onozeki, Hitoshi},
  year = {2017},
  pages = {1943--1949},
  issn = {2377-5726},
  doi = {10.1109/ECTC.2017.34}
}

@article{vaisi_condensation_2022,
  title = {Condensation Heat Transfer Performance in Multi-Fluid Compact Heat Exchangers with Wavy and Strip Fins},
  shorttitle = {🔤带有波浪状和带状鳍的多流体紧凑型热交换器中的冷凝传热性能},
  author = {Vaisi, Ahmad and Javaherdeh, Kourosh and Moosavi, Rouhollah},
  year = {2022},
  month = jan,
  journal = {International Journal of Heat and Mass Transfer},
  volume = {182},
  pages = {121968},
  issn = {0017-9310},
  doi = {10.1016/j.ijheatmasstransfer.2021.121968},
  copyright = {5.428},
  language = {en},
  lccn = {5.431}
}

@article{wang_2020,
  title = {{基于高性能信息处理模块的相变散热技术研究}},
  author = {{王苑瑾} and {张赛} and {刘兵} and {朱正鹏} and {杨文良}},
  year = {2020},
  journal = {航天控制},
  volume = {38},
  number = {1},
  pages = {51--56},
  issn = {1006-3242},
  doi = {10.16804/j.cnki.issn1006-3242.2020.01.006},
  language = {zh-CN},
  annotation = {👍1[2022-8-24]📗{$<$}北大核心, CSCD{$>$}}
}

@article{wang_2022,
  title = {{先进封装推动半导体产业新发展}},
  author = {{王若达}},
  year = {2022},
  journal = {中国集成电路},
  volume = {31},
  number = {4},
  pages = {26-29+42},
  issn = {1681-5289},
  language = {zh-CN}
}

@article{wang_experimental_2015,
  title = {Experimental and Numerical Investigation of a Microchannel Heat Sink ({{MCHS}}) with Micro-Scale Ribs and Grooves for Chip Cooling},
  shorttitle = {🔤芯片冷却的微型肋骨和凹槽的微通道散热器（{{MCHS}}）的实验和数值研究},
  author = {Wang, Guilian and Niu, Di and Xie, Fuqiang and Wang, Yan and Zhao, Xiaolin and Ding, Guifu},
  year = {2015},
  month = jun,
  journal = {Applied Thermal Engineering},
  volume = {85},
  pages = {61--70},
  issn = {1359-4311},
  doi = {10.1016/j.applthermaleng.2015.04.009},
  copyright = {5.906},
  language = {en},
  lccn = {6.465}
}

@article{wang_heat_2022,
  title = {Heat Transfer Enhancement of Symmetric and Parallel Wavy Microchannel Heat Sinks with Secondary Branch Design},
  shorttitle = {🔤1453带有次级分支设计的波浪形微通道散热器},
  author = {Wang, Shuo-Lin and Zhu, Ji-Feng and An, Di and Zhang, Ben-Xi and Chen, Liu-Yi and Yang, Yan-Ru and Zheng, Shao-Fei and Wang, Xiao-Dong},
  year = {2022},
  month = jan,
  journal = {International Journal of Thermal Sciences},
  volume = {171},
  pages = {107229},
  issn = {1290-0729},
  doi = {10.1016/j.ijthermalsci.2021.107229},
  language = {en},
  lccn = {3.744}
}

@article{wang_research_2002,
  title = {Research of {{LTCC}}/{{Cu}}, {{Ag}} Multilayer Substrate in Microelectronic Packaging},
  shorttitle = {🔤{{LTCC}}/{{CU的研究}}，{{AG多层底物在微电子包装中}}},
  author = {Wang, Yonggang and Zhang, Guangneng and Ma, Jusheng},
  year = {2002},
  month = jun,
  journal = {Materials Science and Engineering: B},
  volume = {94},
  number = {1},
  pages = {48--53},
  issn = {09215107},
  doi = {10.1016/S0921-5107(02)00073-9},
  language = {en}
}

@article{wei_experimental_2007,
  title = {Experimental and {{Numerical Study}} of a {{Stacked Microchannel Heat Sink}} for {{Liquid Cooling}} of {{Microelectronic Devices}}},
  author = {Wei, Xiaojin and Joshi, Yogendra and Patterson, Michael K.},
  year = {2007},
  month = oct,
  journal = {Journal of Heat Transfer},
  volume = {129},
  number = {10},
  pages = {1432--1444},
  issn = {0022-1481, 1528-8943},
  doi = {10.1115/1.2754781},
  language = {en}
}

@article{wu_study_2022,
  title = {Study on the Performance of a Miniscale Channel Heat Sink with {{Y-shaped}} Unit Channels Based on Entransy Analysis},
  shorttitle = {🔤研究基于火积分析的微型通道散热器的性能，{{该散热器带有Y形单元通道}}},
  author = {Wu, Shaojie and Zhang, Kai and Song, Ge and Zhu, Jinchen and Yao, Bingru and Li, Fei},
  year = {2022},
  month = jun,
  journal = {Applied Thermal Engineering},
  volume = {209},
  pages = {118295},
  issn = {13594311},
  doi = {10.1016/j.applthermaleng.2022.118295},
  copyright = {5.1750},
  language = {en},
  lccn = {5.2953}
}

@article{xia_numerical_2013,
  title = {Numerical Investigation of Thermal Enhancement in a Micro Heat Sink with Fan-Shaped Reentrant Cavities and Internal Ribs},
  shorttitle = {🔤用风扇形的恢复腔和内部肋骨的微水槽中的热散热器中的热增强的数值研究},
  author = {Xia, Guodong and Zhai, Yuling and Cui, Zhenzhen},
  year = {2013},
  month = sep,
  journal = {Applied Thermal Engineering},
  volume = {58},
  number = {1-2},
  pages = {52--60},
  issn = {13594311},
  doi = {10.1016/j.applthermaleng.2013.04.005},
  copyright = {5.1750},
  language = {en},
  lccn = {5.2953}
}

@article{xiang_zhou_experimental_2022,
  title = {Experimental Study on Heat Transfer and Flow Resistance Performance of a Microchannel Heat Exchanger with Zigzag Flow Channels},
  shorttitle = {🔤关于带有锯齿形流量通道的微通道热交换器的传热和流动性性能的实验研究},
  author = {{Xiang Zhou} and {Chen Zeng} and {Yinxi Song} and {Ming Jiao} and {Feixi Zhang} and {Maolong Liu}},
  year = {2022},
  month = mar,
  journal = {Progress in Nuclear Energy},
  doi = {10.1016/j.pnucene.2022.104190},
  lccn = {2.256},
  annotation = {JCR: Q1 中科院大类分区: 工程技术3区 中科院小类分区: 核科学技术2区  

影响因子: 2.256 5年影响因子: 1.926}
}

@article{xiaohu_li_heat_2021,
  title = {Heat Transfer Augmentation in Microchannel Heat Sink Based on Isogeometric Topology Optimization Framework},
  shorttitle = {🔤基于同几何拓扑优化框架，微通道散热器中的传热增强框架},
  author = {{Xiaohu Li} and {Lukuan Zhang} and {Baotong Li}},
  year = {2021},
  month = nov,
  journal = {Applied Mathematical Modelling},
  doi = {10.1016/j.apm.2021.11.021},
  lccn = {5.129},
  annotation = {JCR: Q1 中科院大类分区: 工程技术2区 Top 中科院小类分区: 工程：综合2区  数学跨学科应用1区  力学2区  

影响因子: 5.129 5年影响因子: 4.162}
}

@article{xiaojun_shi_geometry_2019,
  title = {Geometry Parameters Optimization for a Microchannel Heat Sink with Secondary Flow Channel},
  shorttitle = {🔤与次级流通道的微通道散热器的几何参数优化},
  author = {{Xiaojun Shi} and {Shan Li} and {Yingjie Mu} and {Bangtao Yin}},
  year = {2019},
  month = may,
  journal = {International Communications in Heat and Mass Transfer},
  doi = {10.1016/j.icheatmasstransfer.2019.03.009},
  lccn = {5.683},
  annotation = {JCR: Q1 中科院大类分区: 工程技术2区 中科院小类分区: 热力学2区  力学2区  

影响因子: 5.683 5年影响因子: 5.982}
}

@inproceedings{xu_evaluation_2007,
  title = {Evaluation of a {{Liquid Cooling Concept}} for {{High Power Processors}}},
  shorttitle = {🔤评估高动力处理器的液体冷却概念},
  booktitle = {Twenty-{{Third Annual IEEE Semiconductor Thermal Measurement}} and {{Management Symposium}}},
  author = {Xu, Guoping},
  year = {2007},
  month = mar,
  pages = {190--195},
  issn = {1065-2221},
  doi = {10.1109/STHERM.2007.352422}
}

@article{xu_experimental_2000,
  title = {Experimental Investigation of Flow Friction for Liquid Flow in Microchannels},
  shorttitle = {🔤微通道中液体流动流动摩擦的实验研究},
  author = {Xu, B. and Ooti, K. T. and Wong, N. T. and Choi, W. K.},
  year = {2000},
  month = nov,
  journal = {International Communications in Heat and Mass Transfer},
  volume = {27},
  number = {8},
  pages = {1165--1176},
  issn = {0735-1933},
  doi = {10.1016/S0735-1933(00)00203-7},
  copyright = {6.390},
  language = {en},
  lccn = {6.782}
}

@article{ya_ge_multi-objective_2022,
  title = {Multi-Objective Optimization of a Mini-Channel Heat Sink with Non-Uniform Fins Using Genetic Algorithm in Coupling with {{CFD}} Models},
  shorttitle = {🔤{{使用遗传算法与CFD模型的遗传算法对微型散热器的多目标优化}}，具有不均匀的鳍片},
  author = {{Ya Ge} and {Qing He} and {Yousheng Lin} and {Wuzhi Yuan} and {Jiechao Chen} and {Si-Min Huang}},
  year = {2022},
  month = jan,
  journal = {Applied Thermal Engineering},
  doi = {10.1016/j.applthermaleng.2022.118127},
  lccn = {5.295},
  annotation = {JCR: Q1/Q2 中科院大类分区: 工程技术2区 Top 中科院小类分区: 热力学2区  能源与燃料2区  工程：机械2区  力学2区  

影响因子: 5.295 5年影响因子: 5.175}
}

@article{yadav_mitigation_2019,
  title = {Mitigation of {{Flow Maldistribution}} in {{Parallel Microchannel Heat Sink}}},
  author = {Yadav, Vikas and Kumar, Ritunesh and Narain, Amitabh},
  year = {2019},
  month = feb,
  journal = {IEEE Transactions on Components, Packaging and Manufacturing Technology},
  volume = {9},
  number = {2},
  pages = {247--261},
  issn = {2156-3950, 2156-3985},
  doi = {10.1109/TCPMT.2018.2851543},
  language = {en}
}

@article{yan_cao_role_2022,
  title = {Role of Beryllium Oxide on the Thermal Efficiency of Microchannel Heat Exchanger with an Optimum Fin Structure},
  shorttitle = {🔤氧化铍在具有最佳鳍片结构的微通道热交换器的热效率上的作用},
  author = {{Yan Cao} and {M.A. El-Shorbagy} and {Kamal Sharma} and {Ayman A. Aly} and {Bassem F. Felemban}},
  year = {2022},
  month = jan,
  journal = {Ceramics International},
  doi = {10.1016/j.ceramint.2021.12.204},
  lccn = {4.527},
  annotation = {JCR: Q1 中科院大类分区: 材料科学2区 Top 中科院小类分区: 材料科学：硅酸盐1区  

影响因子: 4.527 5年影响因子: 4.049}
}

@article{yan_influence_2020,
  title = {Influence of Hydrogels Embedding Positions on Automatic Adaptive Cooling of Hot Spot in Fractal Microchannel Heat Sink},
  shorttitle = {🔤水凝胶嵌入位置对分形微通道散热器中热点自动冷却的影响},
  author = {Yan, Yunfei and He, Ziqiang and Wu, Gange and Zhang, Li and Yang, Zhongqing and Li, Lixian},
  year = {2020},
  month = sep,
  journal = {International Journal of Thermal Sciences},
  volume = {155},
  pages = {106428},
  issn = {1290-0729},
  doi = {10.1016/j.ijthermalsci.2020.106428},
  copyright = {3.8758},
  language = {en},
  lccn = {3.7441}
}

@article{yan_influence_2020-1,
  title = {Influence of Hydrogels Embedding Positions on Automatic Adaptive Cooling of Hot Spot in Fractal Microchannel Heat Sink},
  author = {Yan, Yunfei and He, Ziqiang and Wu, Gange and Zhang, Li and Yang, Zhongqing and Li, Lixian},
  year = {2020},
  month = sep,
  journal = {International Journal of Thermal Sciences},
  volume = {155},
  pages = {106428},
  issn = {1290-0729},
  doi = {10.1016/j.ijthermalsci.2020.106428},
  language = {en},
  lccn = {2}
}

@article{yan_numerical_2022,
  title = {Numerical Study on Hot Spots Thermal Management in Low Pressure Gradient Distribution Narrow Microchannel Embedded with Pin Fins},
  author = {Yan, Yunfei and Wang, Dandan and Xu, Fulei and He, Ziqiang and Yang, Zhongqing},
  year = {2022},
  month = may,
  journal = {International Journal of Heat and Mass Transfer},
  volume = {186},
  pages = {122518},
  issn = {0017-9310},
  doi = {10.1016/j.ijheatmasstransfer.2021.122518},
  language = {en},
  lccn = {2}
}

@article{yildizeli_alperen_multi_2020,
  title = {Multi Objective Optimization of a Micro-Channel Heat Sink through Genetic Algorithm},
  shorttitle = {🔤多物镜通过遗传算法对微通道散热器进行多物镜优化，通过遗传算法},
  author = {{Yildizeli Alperen} and {Cadirci Sertac}},
  year = {2020},
  month = jan,
  journal = {International Journal of Heat and Mass Transfer},
  doi = {10.1016/j.ijheatmasstransfer.2019.118847},
  lccn = {5.584},
  annotation = {JCR: Q1 中科院大类分区: 工程技术2区 Top 中科院小类分区: 热力学1区  工程：机械2区  力学2区  

影响因子: 5.584 5年影响因子: 5.248}
}

@article{yousef_alihosseini_effect_2020,
  title = {Effect of a Micro Heat Sink Geometric Design on Thermo-Hydraulic Performance: {{A Review}}},
  shorttitle = {🔤微水槽几何设计对热湿度性能的影响：评论},
  author = {{Yousef Alihosseini} and {Mohammad Zabetian Targhi} and {Mohammad Mahdi Heyhat} and {Nima Ghorbani}},
  year = {2020},
  month = jan,
  journal = {Applied Thermal Engineering},
  doi = {10.1016/j.applthermaleng.2020.114974},
  lccn = {5.295},
  annotation = {JCR: Q1/Q2 中科院大类分区: 工程技术2区 Top 中科院小类分区: 热力学2区  能源与燃料2区  工程：机械2区  力学2区  

影响因子: 5.295 5年影响因子: 5.175}
}

@article{zhang_fluid_2015,
  title = {Fluid Flow and Heat Transfer Characteristics of Liquid Cooling Microchannels in {{LTCC}} Multilayered Packaging Substrate},
  shorttitle = {🔤{{流体流量和液体冷却微通道的传热特性I N LTCC多层包装基板}}},
  author = {Zhang, Lan-Ying and Zhang, Yang-Fei and Chen, Jia-Qi and Bai, Shu-Lin},
  year = {2015},
  month = may,
  journal = {International Journal of Heat and Mass Transfer},
  volume = {84},
  pages = {339--345},
  issn = {00179310},
  doi = {10.1016/j.ijheatmasstransfer.2014.12.079},
  language = {en},
  lccn = {5.584},
  annotation = {JCR: Q1 中科院大类分区: 工程技术2区 Top 中科院小类分区: 热力学1区  工程：机械2区  力学2区  

影响因子: 5.584 5年影响因子: 5.248}
}

@article{zhang_heat_2022,
  title = {Heat Transfer Optimization Based on Finned Microchannel Heat Sink},
  shorttitle = {🔤基于鳍的微通道散热器的传热优化，开放微通道散热器的热性能可变孔鳍高度},
  author = {Zhang, Furen and Wu, Bo and Du, Bolin},
  year = {2022},
  month = feb,
  journal = {International Journal of Thermal Sciences},
  volume = {172},
  pages = {107357},
  issn = {1290-0729},
  doi = {10.1016/j.ijthermalsci.2021.107357},
  language = {en},
  lccn = {3.744}
}

@article{zheng_numerical_2021,
  title = {Numerical {{Study}} of {{Fluid Flow}} and {{Heat Transfer Characteristics}} in a {{Cone-Column Combined Heat Sink}}},
  shorttitle = {🔤数值研究流体流量和锥量混合散热器中的流体流量和传热特性},
  author = {Zheng, Wei and Sun, Jianjun and Ma, Chenbo and Yu, Qiuping and Zhang, Yuyan and Niu, Tao},
  year = {2021},
  month = jan,
  journal = {Energies},
  volume = {14},
  number = {6},
  pages = {1605},
  publisher = {{Multidisciplinary Digital Publishing Institute}},
  issn = {1996-1073},
  doi = {10.3390/en14061605},
  copyright = {3.333},
  language = {en},
  lccn = {3.252}
}

@article{zhou_flow_2021,
  title = {Flow Thermohydraulic Characterization of Hierarchical-Manifold Microchannel Heat Sink with Uniform Flow Distribution},
  shorttitle = {🔤流动液压表征层次 - 曼法尔德微通道散热器均匀流动水槽与均匀流动分布},
  author = {Zhou, Jianhong and Chen, Xuemei and Zhao, Qi and Lu, Mingxiang and Hu, Dinghua and Li, Qiang},
  year = {2021},
  month = nov,
  journal = {Applied Thermal Engineering},
  volume = {198},
  pages = {117510},
  issn = {1359-4311},
  doi = {10.1016/j.applthermaleng.2021.117510},
  copyright = {5.906},
  language = {en},
  lccn = {6.465}
}

@article{zhu_characteristics_2020,
  title = {Characteristics of Heat Transfer and Fluid Flow in Microchannel Heat Sinks with Rectangular Grooves and Different Shaped Ribs},
  shorttitle = {🔤微通道散热器中的热传递和流体流量的特征，带有矩形凹槽和不同的形状肋骨效应。微通道散热器的热水动力学性能上的肋骨形状和圆角半径：{{CFD研究}}},
  author = {Zhu, Qifeng and Chang, Kunpeng and Chen, Junjie and Zhang, Xinmin and Xia, Huixue and Zhang, Hongwei and Wang, Hua and Li, Haixia and Jin, Yangyang},
  year = {2020},
  month = dec,
  journal = {Alexandria Engineering Journal},
  volume = {59},
  number = {6},
  pages = {4593--4609},
  issn = {1110-0168},
  doi = {10.1016/j.aej.2020.08.014},
  copyright = {5.615},
  language = {en},
  lccn = {6.626}
}


