@misc{_2022a,
  title = {2022年全国三维数字化创新设计大赛},
  date = {2022},
  language = {zh-CN},
  keywords = {获奖},
  annotation = {排名第二}
}

@article{Li.Li.ea_2023,
  title = {Here is the name of the paper},
  author = {Li, XX and Yan, Ming and Huang, XX and Zheng, XX},
  date = {2023-05-05},
  journaltitle = {Applied Thermal Engineering},
  shortjournal = {Appl. Therm. Eng.},
  volume = {225},
  pages = {120167},
  issn = {1359-4311},
  doi = {10.1016/j.applthermaleng},
  language = {en},
  annotation = {TOP 期刊，中科院一区，IF：6.465，共同一作},
  AUTHOR+an = {2=thesisauthor}
}

@software{LiChunQuan.LiXueBin_2022,
  title = {{{基于Fluent的XXX散热仿真自动化软件}}},
  author = {李XX and 焱铭},
  date = {2022-07-12},
  location = {{中国广西桂林}},
  organization = {{桂林电子科技大学}},
  version = {V2.4.4},
  AUTHOR+an = {2=thesisauthor}
}

@patent{LiChunQuan.LiXueBin.ea_2022,
  type = {patent},
  title = {基于有限元仿真的XXX微流道散热器多目标优化方法},
  author = {李XX and 焱铭},
  holder = {{Guilin University of Electronic Technology}},
  date = {2022-09-13},
  number = {CNXXXXXXXXXXA},
  location = {{CN}},
  url = {https://patents.google.com/patent/},
  urldate = {2023-08-07},
  language = {zh},
  AUTHOR+an = {2=thesisauthor}
}

@report{LiXueBin_2020,
  title = {XXX 微流道的传热机理及散热技术研究},
  author = {焱铭},
  date = {2020/2021},
  language = {zh-CN},
  keywords = {项目},
  annotation = {已结题},
  AUTHOR+an = {1=thesisauthor}
}

@report{LiXueBin_2020a,
  title = {XXX 器件焊接理论技术研究},
  author = {焱铭},
  date = {2020/2021},
  language = {zh-CN},
  keywords = {项目},
  annotation = {已结题},
  AUTHOR+an = {1=thesisauthor}
}

@report{LiXueBin_2022a,
  title = {XXX 散热装置制造技术},
  author = {焱铭},
  date = {2022/2025},
  language = {zh-CN},
  keywords = {项目},
  annotation = {在研},
  AUTHOR+an = {1=thesisauthor}
}

