@article{Lau_2022,
  title = {Recent {{Advances}} and {{Trends}} in {{Advanced Packaging}}},
  author = {Lau, John H.},
  date = {2022-02},
  journaltitle = {IEEE Transactions on Components, Packaging and Manufacturing Technology},
  shortjournal = {IEEE Trans. Compon., Packag. Manufact. Technol.},
  volume = {12},
  number = {2},
  pages = {228--252},
  issn = {2156-3950, 2156-3985},
  doi = {10.1109/TCPMT.2022.3144461},
  language = {en},
  keywords = {先进封装},
  annotation = {titleTranslation: 先进封装的最新进展和趋势}
}

@article{Sadique.Murtaza.ea_2022,
  title = {Heat Transfer Augmentation in Microchannel Heat Sink Using Secondary Flows: {{A}} Review},
  shorttitle = {Heat Transfer Augmentation in Microchannel Heat Sink Using Secondary Flows},
  author = {Sadique, Hussam and Murtaza, Qasim and {Samsher}},
  date = {2022-09-15},
  journaltitle = {International Journal of Heat and Mass Transfer},
  shortjournal = {Int. J. Heat Mass Transfer},
  volume = {194},
  pages = {123063},
  issn = {0017-9310},
  doi = {10.1016/j.ijheatmasstransfer.2022.123063},
  language = {en},
  keywords = {微电子器件发展趋势},
  annotation = {titleTranslation: 使用二次流的微通道散热器中的传热增强：综述}
}

@thesis{LuSiHong_2021,
  type = {硕士},
  title = {均温散热微小通道的结构研究},
  author = {{吕嗣鸿}},
  editora = {{王皓}},
  editoratype = {collaborator},
  date = {2021},
  institution = {{电子科技大学}},
  url = {https://kns.cnki.net/KCMS/detail/detail.aspx?dbcode=CMFD&dbname=CMFD202201&filename=1021747500.nh&v=},
  language = {zh-CN}
}

@article{Tan.Du.ea_2021,
  title = {Investigation on the Temperature Distribution in the Two-Phase Spider Netted Microchannel Network Heat Sink with Non-Uniform Heat Flux},
  author = {Tan, Hui and Du, Pingan and Zong, Kuan and Meng, Guangyao and Gao, Xin and Li, Yang},
  date = {2021-11},
  journaltitle = {International Journal of Thermal Sciences},
  shortjournal = {Int J Therm Sci},
  volume = {169},
  pages = {107079},
  issn = {12900729},
  doi = {10.1016/j.ijthermalsci.2021.107079},
  language = {en},
  keywords = {沸腾传热,流道构型}
}
